2666 4430
169 265 438 376 nan'onvur
464 281 562 370 ran
586 279 937 355 cannarum.
961 291 1017 379 'ur
1076 320 1081 329 ι

6 493 7 510 2
87 458 183 532 vetus
195 460 365 530 Saxonum
380 455 461 530 tellis
475 455 515 531 de
528 461 696 531 Danorum
709 459 854 560 Regibus.
905 463 1017 560 Reges,

86 567 205 661 inquit,
219 563 402 647 Danorum,
424 557 577 661 segnes&
594 558 745 650 discindli,
761 570 794 636 de
807 569 892 636 inter
908 551 1017 634 convi-
1133 651 1137 660 ¹

87 691 142 734 vas
158 670 194 735 ὅ(
220 662 325 761 epulas
348 659 471 764 semper
491 671 579 765 poti,
613 671 664 736 vix
684 662 848 766 aliquando
880 661 1016 738 sentiunt
1106 663 1128 672 ”

88 759 286 866 percussuras
300 765 479 864 plagarum.
530 766 683 840 Tandem
699 757 784 842 lelut
803 765 919 843 somno
933 774 1015 840 exci·
1124 801 1125 806 ¹

89 889 136 940 tus
151 873 224 941 Rex
238 871 371 954 Daniae,
391 877 592 971 congregavit
611 877 798 960 exercitum,
812 877 849 942 &f
868 869 1014 968 percufflt
1031 892 1114 964 Regia
1128 893 1248 966 circipa-

89 991 214 1071 partem
232 971 395 1042 modicam
412 965 586 1072 Circipanae
607 981 756 1074 regionis.
807 973 903 1047 Filius
934 1000 1013 1073 quo·
1032 964 1249 1086 {flffffll'i‘i‘

90 1101 149 1174 que
167 1077 264 1173 Regis
281 1099 320 1144 ex
346 1075 530 1158 concubina,
545 1077 807 1176 Christophorus,
828 1101 901 1148 cum
928 1076 1014 1151 mille
1100 1069 1107 1083 ’

89 1183 141 1270 (ut
156 1181 269 1270 ajunt)
284 1175 387 1248 loricis
407 1184 495 1250 venit
516 1177 781 1280 llldenburgurn‚
804 1204 873 1277 quae
894 1183 1014 1254 Danice
1030 1203 1095 1254 rtem
1113 1199 1210 1256 Alaen-

89 1278 203 1351 dicitur
217 1275 447 1366 Brandenhuse,
464 1280 653 1380 &perculsit
666 1287 825 1355 maritima
844 1281 940 1357 illius:
964 1305 1013 1354 ec·
1030 1265 1246 1394 lgffssffidfflfli·

89 1380 216 1454 clessam
232 1407 330 1468 vero,
354 1388 403 1454 cui
418 1381 610 1458 deserviebat
628 1385 754 1470 Brun0,
774 1410 842 1458 non
858 1380 1016 1469 leserunt,
1033 1403 1104 1467 lause.
1128 1355 1142 1394 ι
1179 1355 1210 1393 en

90 1511 151 1558 nec
182 1491 356 1584 attigerunt
375 1491 498 1584 penitus
512 1487 594 1558 bona
610 1483 782 1561 sacerdotis.
831 1486 1016 1561 Recedenti-

90 1589 147 1660 bus
167 1613 247 1660 vero
263 1591 373 1674 Dana,
388 1585 521 1661 Vandali
535 1617 553 1663 e
570 1588 698 1690 relligio
711 1585 817 1673 secuti,
833 1587 947 1662 damna
966 1586 1017 1660 sus

90 1691 210 1762 ultione
226 1688 358 1789 decupla
383 1686 630 1791 compensarunt
645 1699 707 1768 dte.
758 1696 931 1766 Danorum
953 1698 1015 1764 im·
1034 1712 1155 1767 Vandalis
1169 1715 1248 1768 votur.

90 1799 300 1894 pugnationes
321 1819 382 1892 pro
406 1795 506 1869 nihilo
526 1795 660 1871 habent:
692 1803 762 1870 imo
785 1791 1014 1898 voluptuosum
1033 1783 1248 1903 {gnffiuffoenin'i'
1281 1829 1283 1834 ·

92 1895 224 1981 ducunt,
240 1921 374 1966 nranum
395 1921 469 1968 cum
489 1897 546 1970 illis
559 1894 731 1974 conserere.
782 1898 873 1974 Solus
887 1903 931 1973 eis
951 1895 1016 1970 duit
1033 1867 1245 1975 conrs‘emilcunr

90 1997 131 2072 ell
145 1994 336 2086 formidini,
351 2005 406 2099 qui
421 2006 568 2102 protrivit
583 2003 682 2072 robur
695 1999 954 2089 Wandalorum,
968 1997 1016 2072 su·
1033 1989 1253 2110 fflmvffif'..
1324 2051 1326 2058 ,

89 2127 144 2202 per
156 2127 276 2174 omnes
292 2099 388 2172 duces
405 2110 439 2175 ἃ
455 2100 559 2202 reges,
593 2108 647 2201 qui
669 2099 794 2177 fuerant
815 2122 888 2174 ante
920 2129 1016 2187 eum,
1032 2073 1247 2180 roremillomrls.
1297 2152 1300 2160 ·

88 2206 157 2304 plus
172 2209 272 2276 etiam
289 2231 388 2304 quarn
401 2203 453 2278 ille
467 2209 690 2306 magnusOttu
706 2231 714 2278 ε
733 2211 775 2276 ἀ
790 2201 873 2276 milit
887 2199 1016 2276 frenum

91 2315 123 2381 in
137 2306 280 2378 maxillas
295 2333 422 2394 eorum,
439 2313 473 2380 dc
486 2333 553 2406 quo
566 2306 702 2393 volebat,
717 2305 806 2378 duxit
820 2331 885 2380 eos.
939 2307 1018 2406 Haec
1051 2320 1073 2368 t

84 2405 158 2481 ‘sunt
174 2408 344 2500 Helmoldi
363 2407 402 2482 ad
424 2413 558 2504 verbum
572 2406 612 2483 de
628 2411 725 2481 Danis
747 2426 839 2508 atque
854 2404 1017 2480 Wandalis

89 2511 282 2586 tellimonia.
333 2515 421 2583 Huic
434 2538 511 2584 vero
526 2537 594 2582 non
608 2505 742 2587 dissonat
754 2517 789 2582 in
803 2538 838 2583 ea
855 2529 943 2610 parte
953 2514 1017 2582 Da·
1070 2530 1076 2546 ··

84 2631 211 2688 'norum
228 2611 268 2686 de
281 2609 339 2686 suo
357 2617 444 2714 Rege
458 2614 639 2690 testificatio.
690 2615 775 2701 Rex,
788 2621 830 2686 ait
842 2613 906 2700 ille,
925 2614 1017 2688 Wal-

88 2713 362 2816 demarus,quum
379 2717 547 2817 aliquamas
561 2739 652 2791 antea
669 2715 883 2816 expeditiones
894 2744 1016 2818 magno

7 2885 8 2888 ,
89 2821 276 2906 molimine,
290 2815 342 2891 sed
359 2820 430 2894 exili
447 2817 554 2892 fructu
569 2814 750 2920 peregisset,
774 2820 899 2892 meliori
915 2818 1016 2892 conli-
1127 2861 1130 2868 ·

82 2921 133 2995 ‘lio
149 2949 223 2997 rem
241 2921 400 3020 gessurus,
420 2927 455 2994 in
468 2921 573 2997 hosles
592 2919 728 2996 assiduos
740 2920 914 2995 Wandalos
928 2949 1018 2994 anna

83 3033 255 3124 'parat&c.
307 3021 444 3101 Classem
457 3052 495 3099 ex
511 3027 660 3100 omnibus
671 3031 765 3128 regni
780 3027 917 3125 parribus
931 3027 1016 3119 jubet
1072 3037 1078 3046 “
1165 3023 1169 3030 ’

83 3135 265 3201 convenire
280 3148 429 3227 paratam,
442 3129 494 3204 ubi
510 3127 656 3215 edixerit,
671 3134 801 3204 interim
816 3149 946 3222 tyrones
961 3153 1014 3200 ex·
1041 3129 1045 3138 '
1224 3133 1228 3146 '

82 3238 203 3319 ¹erecti,
216 3255 304 3301 arma
317 3232 401 3326 jubet
417 3229 568 3336 expediri.
619 3236 662 3304 Et
677 3233 729 3304 ubi
752 3239 814 3326 jam
828 3223 1014 3303 'convenisse
1032 3237 1120 3292 (ΜΝ
1158 3239 1226 3320 Dar·
1266 3238 1270 3244 ’

89 3332 177 3405 videt
197 3329 406 3407 ducentarum
425 3332 581 3435 sexaginta
602 3339 735 3407 navium
757 3328 902 3417 classem,
930 3335 1014 3412 uani·
1032 3308 1108 3432 21⁶ss,
1116 3323 1227 3432 ‘'said''

81 3443 257 3536 'gationem
272 3435 412 3525 instituit,
426 3445 561 3537 remigio
576 3454 682 3510 tamen
697 3441 815 3534 magis,
831 3459 927 3536 quarn
941 3461 1016 3508 ven·
1110 3419 1118 3438 ’
1168 3439 1171 3444 ’
1199 3417 1208 3439 ⁶

82 3535 274 3626 simforus,
296 3559 331 3610 ut
344 3541 490 3614 latentior
511 3538 594 3614 holli
616 3538 709 3612 fieret
722 3535 885 3608 adventus.
936 3535 1037 3610 Prae?
1109 3571 1112 3578 ·
1134 3533 1136 3539 ⁴

81 3639 176 3714 'milii
192 3641 358 3729 nonnulli,
383 3648 438 3743 qni
454 3639 603 3742 expeditis
617 3638 662 3730 ad
673 3635 799 3713 cursum
813 3639 951 3727 navibus,
966 3667 1015 3714 res

91 3743 232 3820 hoslium
246 3739 479 3844 specularentur
492 3753 555 3824 &c
572 3747 636 3822 &c
712 3745 819 3849 Qam
836 3739 890 3815 diu
909 3763 1014 3822 autem

92 3842 146 3919 sub
159 3845 317 3949 praetentu
339 3867 429 3927 terra
449 3869 632 3936 transeunt,
649 3845 811 3948 tranquilla
827 3841 897 3921 satis
910 3845 953 3920 esl
969 3855 1016 3918 vi·

558 3956 614 4046 1⁵
940 3943 1017 4018 la
1179 4039 1180 4046 r
