2666 4430
155 265 429 348 unuorvu
455 268 554 387 rra
578 269 929 344 cartuaurnu.
957 294 1022 370 „141

89 456 204 522 vicinas
232 446 353 522 domos
381 447 569 538 incendere3
608 449 809 521 arbitraturoa
839 443 1020 520 Wandaloa

87 575 188 624 omne
203 555 376 626 Danorunr
410 577 527 652 agmen
550 550 726 651 expofiturn
747 572 842 625 terras
863 549 1019 650 populari.

85 652 148 726 Sed
164 681 273 752 neque
290 653 429 726 hollibur
444 655 605 727 Wandalia
619 650 867 726 defuitcalliditas
880 659 1017 726 circum·

84 754 265 856 spiciendi:
304 783 380 828 narn
400 763 551 829 omniurn
577 782 687 831 return
712 754 787 828 salli
810 762 971 856 certiores,
986 750 1018 828 se

83 861 305 933 continebant.
356 863 448 932 Vires
461 867 549 932 enim
564 856 629 932 suas
651 865 774 959 utrique
790 865 940 932 exercitui
955 879 1016 931 ter·

83 989 114 1033 ra
128 969 280 1066 marique
295 969 431 1062 impares
445 963 500 1063 (ut
515 970 624 1057 crant)
644 963 837 1062 reputabant.
913 965 1014 1062 Igitur

82 1063 121 1136 ad
137 1093 254 1165 pacem
269 1065 462 1153 inclinanter,
478 1065 630 1154 eundern,
643 1091 740 1166 quern
757 1062 883 1164 pridem
899 1071 933 1135 in
947 1067 1012 1135 Da·
1030 1068 1138 1124 Vandali
1153 1083 1242 1150 metm

84 1163 314 1255 niarnmisere,
327 1187 489 1240 oratorem
505 1163 705 1255 submittunt,
720 1166 759 1238 de
774 1193 850 1266 pace
866 1168 1012 1238 tradlatu·
1029 1153 1240 1278 l’fflss’ffifm

81 1295 163 1344 rum.
220 1277 253 1342 Is
267 1277 378 1374 ignem
399 1278 434 1342 in
447 1271 552 1345 littore
568 1269 732 1345 accendit:
757 1271 790 1341 id
806 1291 871 1343 erat
886 1268 1012 1370 lignum

80 1374 282 1474 colloquium
316 1371 355 1445 de
386 1399 463 1474 paee
486 1380 630 1472 petentis.
726 1369 927 1446 interdicitur
948 1377 1012 1444 Da·

80 1483 152 1565 nia,
195 1503 239 1550 ne
259 1481 294 1547 in
316 1481 501 1576 cujusquam
535 1482 642 1580 nayirn
663 1482 850 1576 excipiatur,
889 1500 931 1546 nc
958 1501 1011 1574 pa·
1224 1471 1230 1482 ⁸

80 1585 121 1651 cir
163 1577 303 1680 cupidos
339 1580 507 1651 arbitretur
539 1581 676 1666 Dauos.
715 1577 767 1652 sua
798 1581 900 1678 'igitur
938 1584 1012 1650 navi

79 1679 267 1768 advehitur,
307 1679 447 1754 eundern
462 1707 559 1781 quem
584 1689 682 1782 prius,
706 1685 892 1784 pontificem
913 1679 1009 1754 Abs·

78 1783 202 1871 lonern,
222 1781 421 1884 sequeslrurn
443 1791 603 1884 requirens
619 1794 681 1860 dcc.
733 1789 819 1860 Cum
844 1787 943 1860 multa
959 1792 1006 1857 in·

78 1895 179 1960 vicem
197 1890 309 1981 inclara
327 1884 470 1974 fitillent,
489 1887 626 1962 Absalon
642 1887 786 1988 pontifex
805 1885 1004 1990 sequestrum

77 1988 106 2062 sc
119 1989 199 2064 secit
216 1989 305 2089 apud
319 1993 460 2090 Regem,
474 1999 620 2064 convenit
645 1985 702 2078 ue,
717 2012 753 2062 ut
768 1993 846 2066 datis
859 1999 894 2065 in
908 1991 1005 2065 foede·

78 2119 107 2164 ra
123 2115 197 2166 tum
216 2096 278 2166 isla
296 2090 470 2180 oblidibtts3
489 2096 557 2167 Rex
570 2019 696 2166 clallem
719 2091 893 2173 reduceret.
945 2091 1007 2167 Sed
1086 2100 1094 2112 '

77 2199 141 2268 hec
155 2194 197 2269 ad
212 2193 299 2269 solos
314 2198 476 2298 Rugianoa
488 2198 593 2296 pallio
607 2195 791 2296 pertinebat.
843 2198 1006 2288 Caeterum

76 2299 244 2372 orientales
263 2299 418 2373 Wandali
434 2325 634 2400 nequaquam
655 2298 780 2372 hollilea
801 2305 930 2371 animoa
945 2325 1005 2398 po·

75 2398 181 2488 suere,
223 2403 336 2503 quibus
373 2399 561 2475 edomandis
600 2405 667 2498 Rex
707 2399 827 2476 stedera
869 2419 1002 2475 renovat
1021 2411 1079 2466 Rex
1104 2426 1164 2468 cum
1186 2411 1257 2484 Sa„

75 2532 147 2576 curn
161 2507 313 2579 Henrico
327 2507 419 2579 Duce
433 2507 614 2594 Saxonum,
635 2525 669 2577 ut
683 2503 736 2579 ille
751 2531 768 2576 a
784 2525 882 2593 terra,
898 2504 962 2606 ipse
984 2531 1000 2577 a
1019 2483 1231 2609 'offlmfiufi‘mfln

73 2616 153 2680 mari
168 2627 282 2709 urgept
298 2606 413 2682 hollcs.
464 2607 641 2710 Adnavigat
653 2619 772 2682 iterum
791 2608 888 2684 classii
903 2617 999 2710 regia.
1018 2633 1116 2678 mouet.

72 2715 234 2792 llenricus
250 2735 331 2783 aero
347 2713 423 2783 Dux
444 2712 532 2783 nihil
554 2710 711 2814 segniora
744 2733 827 2784 terra
853 2710 999 2810 producit

72 2821 249 2888 exercitum
265 2818 326 2887 &c
376 2823 406 2886 A
423 2821 505 2886 mari
520 2809 626 2892 autesn
640 2819 707 2888 Rex
722 2815 926 2916 Wolgallum
943 2841 1000 2914 op·
1016 2801 1186 2928 fflfflffssu
1207 2871 1227 2914 ·.

72 2916 183 3017 pidum
199 2911 416 3019 aggressurus,
431 2937 466 2989 ut
479 2933 589 2990 catera
601 2923 738 2989 'vacrrutn
759 2927 888 3018 reperit,
902 2939 997 3018 atque
1015 2955 1067 2996 tur.
1085 2915 1104 2944 ’·
1188 2888 1215 2930 m

72 3017 253 3094 desertum:
285 3016 335 3093 sed
357 3019 410 3094 ille
430 3016 563 3092 suorum
589 3015 738 3121 impolito
761 3021 903 3122 praefidio
924 3019 999 3094 fecit
1061 3027 1069 3039 ⁸
1110 3028 1114 3037 '
1165 3009 1171 3022 ⁶

71 3127 278 3200 communiri.
355 3125 516 3197 Caeterum
537 3124 795 3225 populationibus
826 3131 1001 3224 utrinque,
1051 3118 1054 3126 ’

71 3227 166 3302 Rexa
184 3231 290 3313 mari,
321 3227 428 3298 Duxa
451 3245 553 3313 terra,
586 3253 653 3299 non
676 3223 814 3328 segniter
842 3226 997 3310 institere,

71 3327 266 3430 quandoque
281 3353 381 3429 neque
402 3315 518 3429 pugnae
544 3326 673 3401 dabatur
692 3337 804 3428 copia,
828 3353 931 3428 neque
955 3327 995 3397 ab

70 3431 209 3504 lroslibus
225 3427 343 3504 foedera
357 3451 550 3530 peterentur.
600 3427 780 3530 Progressus
800 3450 909 3503 tamen
925 3433 994 3505 Rex

70 3532 195 3635 longius
215 3539 249 3605 in
272 3531 413 3621 flumen,
436 3539 608 3608 exercitum
621 3537 719 3605 Ducia
740 3533 868 3606 navibus
891 3551 993 3635 ponte
1038 3531 1043 3542 ⁸
1142 3591 1145 3598 .

34 3719 39 3732 .
69 3633 152 3709 farlo
167 3632 376 3737 transposuit,
398 3632 515 3736 oppida
534 3634 760 3709 mediterranea
782 3644 853 3729 totis
874 3639 991 3712 viribus
1009 3671 1118 3730 Vandali
1130 3689 1219 3748 pm.
1311 3711 1316 3716 ,

70 3759 313 3840 expugnaturus.
364 3743 460 3840 Quod
475 3739 528 3813 ubi
544 3737 696 3814 Wandali
718 3761 922 3843 compertum
935 3747 990 3816 ha·
1009 3756 1128 3833 rmum-¹
1198 3829 1217 3839 ..

69 3840 180 3929 buere¹
195 3837 350 3934 submissu
362 3849 552 3935 oratoribur,
564 3843 606 3920 de
618 3863 694 3951 pace
709 3869 803 3960 atque
823 3846 991 3923 foednrbus
1075 3945 1084 3954 .
1191 3917 1195 3925 .

919 3973 993 4048 age·¹
