2666 4430
346 302 407 383 130
530 282 703 388 caeru
728 229 1086 406 rrqvn's‘rrora'
1176 362 1178 365 ,

349 417 510 564 prodeunt
522 467 586 536 &u
630 451 899 565 ‘Delexpedtaone
916 473 983 563 tjtts
999 473 1149 568 Rugiana
1164 469 1281 546 ruffi

350 588 455 668 apag.
463 592 513 637 rra.
522 565 615 668 seqq.
668 572 781 638 Annus
801 588 868 640 erat
888 567 959 668 poll
975 570 1138 646 Christum
1159 592 1282 646 natum

350 689 553 756 tuccxvrrr,
567 693 667 768 quum
686 670 753 742 Rex
766 672 878 742 Daniat
891 671 1117 746 Walder'narus
1138 673 1281 746 validam
1327 677 1328 684 '

127 778 159 830 Ι·
184 773 318 845 Regium
351 765 588 876 expeditionem
601 787 688 869 parat
699 777 734 843 in
747 771 922 846 Wandalot
939 777 1123 876 Rugianos:
1149 772 1281 850 classenr

126 857 223 904 mm·
351 891 512 974 perarmat
531 869 798 971 copiosrllimam‚
820 882 854 949 ἀ
874 875 984 977 plenus
1006 875 1120 952 fiducia
1137 879 1228 951 ducit
1242 885 1281 952 in

350 975 487 1050 hollam.
564 975 631 1047 Ubi
644 974 797 1048 hosticam
811 985 928 1080 tangit,
944 987 1075 1082 exponit
1090 987 1215 1082 copias,
1241 989 1282 1060 δι

88 1127 92 1136 ,
126 1093 239 1151 oestuo«
254 1093 337 1150 Arco-
351 1065 585 1152 elrcursronibus
598 1077 717 1177 aliquot
732 1085 874 1181 equitum
889 1078 995 1169 saliis,
1008 1081 1047 1155 ad
1064 1080 1280 1158 obfidendam

92 1257 93 1262 ,
122 1179 173 1218 '⁰'
350 1183 465 1256 urbem
491 1186 655 1255 Arcenam
677 1184 801 1282 (gentis
822 1187 940 1282 caput)
962 1193 1042 1258 vires
1062 1182 1197 1258 intendit
1213 1193 1279 1262 &e

349 1287 445 1358 Hanc
464 1303 586 1357 tantam
607 1291 711 1386 gentis
731 1281 982 1385 superstitionem
1003 1290 1073 1360 llex
1094 1284 1279 1364 subvenere

350 1406 482 1462 conatus
496 1394 546 1486 (in
560 1413 622 1489 qua
636 1392 732 1480 totius
746 1393 847 1488 gentis
861 1386 1030 1488 perfidiam
1043 1387 1190 1492 frangere
1202 1389 1278 1492 pos·

349 1485 382 1565 se
396 1489 615 1590 exillimabat)
627 1511 780 1590 magnam
802 1492 940 1564 trabium
956 1499 1023 1566 vim
1043 1493 1128 1588 jubet
1145 1491 1277 1584 advehi,

302 1668 306 1676 ,
348 1611 385 1665 ut
399 1589 546 1693 persedit
561 1587 714 1665 machinis
730 1619 767 1666 ea
780 1594 857 1666 urbe
871 1601 1038 1695 potiretur.
1088 1593 1150 1668 Sed
1167 1597 1276 1671 statim

349 1690 448 1769 suum
461 1693 555 1797 ipsius
570 1692 724 1768 damnans
738 1694 957 1795 propositum,
969 1695 1049 1772 vidit
1065 1694 1178 1771 callam
1194 1727 1275 1800 ope·

351 1823 423 1871 ram
433 1801 674 1885 machinarum,
700 1796 871 1898 inciditque
885 1802 965 1902 Regi
980 1798 1193 1901 praesagientis
1204 1809 1275 1890 api-

350 1908 399 1974 mi
411 1919 494 1975 certa
510 1897 600 2002 spes,
625 1900 738 1974 urbem
753 1903 784 1975 S.
791 1904 857 1974 Viti
873 1910 1112 2004 propinquante
1130 1900 1275 1978 solenni·

346 2023 412 2080 tate
432 1998 635 2106 capiendam,
667 2001 755 2103 quod
774 2029 843 2078 non
865 2023 1023 2104 pateretur
1043 2003 1164 2078 unuus
1185 2035 1272 2080 mar·

151 2187 152 2192 ,
234 2141 235 2144 “
348 2127 422 2212 tyr,
441 2124 566 2180 tantam
579 2102 619 2178 de
634 2100 691 2178 suo
704 2111 838 2181 nomine
850 2103 1101 2208 superstitionem
1116 2111 1270 2198 (colebant

115 2217 305 2301 ‘zaanteviqam
350 2223 445 2289 anim·
461 2211 581 2286 idolum
604 2217 836 2288 Zuanrtnt'tum
858 2213 999 2315 quadri.
1034 2219 1159 2300 Virum,
1186 2214 1274 2315 quod

121 2288 303 2362 “¹⁰¹‘Ru3un'
347 2325 390 2392 er't
392 2317 490 2416 sabla
498 2319 565 2388 illis
570 2336 665 2388 antra
675 2315 905 2414 praedicatione,
913 2314 1066 2417 hujusque
1071 2317 1182 2412 sunsit·
1189 2343 1269 2388 com-

344 2418 709 2511 mandatione‚adhaeſsffc
712 2423 862 2516 putatur)
871 2414 984 2489 diutius
999 2424 1174 2516 vigere&c.
1215 2422 1269 2490 In-

345 2527 531 2596 termittitur
551 2543 637 2619 ergo·
650 2521 871 2591 machinarum
887 2517 1068 2605 inssrudlim
1083 2527 1117 2593 ὅ(
1142 2518 1268 2594 obfidio

345 2631 474 2726 gravius
487 2619 644 2693 firmatur.
701 2625 835 2694 lnterim
848 2627 940 2720 pueri
956 2619 1085 2722 egredi,
1111 2629 1268 2696 munitio·

345 2729 455 2814 nibus,
480 2720 628 2796 insultant
644 2719 827 2824 oppidania,
854 2748 934 2824 quoa
951 2730 986 2796 in
1007 2722 1076 2796 finu
1089 2721 1208 2826 gessere
1222 2727 1267 2798 la·

367 2830 439 2903 illis.
504 2823 667 2926 Oppidani
688 2831 877 2926 contemptis
902 2825 1112 2926 paruulorum
1133 2825 1267 2915 lusibus,

259 3000 264 3013 ,
342 2857 455 3006 sedent
469 2926 591 3003 ociofi:
622 2924 675 3001 sed
698 2924 955 3004 adolescentiores
975 2934 1113 3002 immixti
1141 2936 1265 3030 pueris,
1326 2967 1327 2982 2

342 3035 401 3108 tela
417 3033 576 3130 jaciebant.
627 3033 699 3103 Hos
716 3027 794 3102 dum
817 3029 975 3104 vindicant
1000 3028 1129 3120 obsessi,
1154 3061 1264 3133 pugna
1326 3025 1327 3061 ³

338 3137 452 3242 puerili
466 3138 623 3235 principio
637 3138 741 3232 gravis
756 3140 867 3206 oritur.
905 3140 1028 3207 Interea
1043 3133 1172 3234 quidam
1187 3163 1265 3234 pro·

362 3248 409 3315 ius
422 3237 562 3312 assiliens
571 3237 654 3307 urbis
667 3255 778 3334 portat,
794 3258 863 3336 quae
878 3233 1017 3310 sublimis
1032 3245 1066 3310 ὅ(
1082 3245 1174 3310 unica
1189 3236 1262 3326 fuir,

217 3375 226 3387 “
336 3269 409 3419 lobs
431 3342 524 3444 signis
542 3337 815 3440 prominentibus,
841 3338 934 3411 nullis
953 3345 1049 3412 etiam
1071 3346 1167 3412 armis
1186 3339 1263 3414 inde

334 3444 571 3531 detonantibus,
619 3438 684 3515 uod
707 3460 808 3514 tutarn
826 3436 1013 3515 sublimitate
1036 3450 1071 3516 ἀ
1091 3439 1262 3542 fignorurn

333 3547 431 3651 (qua
444 3547 525 3620 sacra
539 3469 710 3642 dicebant)
728 3541 886 3644 prasentia
909 3563 1065 3643 putarent.
1118 3553 1262 3644 Aggere·

332 3651 409 3722 bant
429 3661 535 3723 autem
557 3671 657 3750 portae
673 3644 801 3746 cespites
820 3645 1006 3746 congellos,
1033 3672 1075 3720 ne
1090 3668 1143 3718 aut
1165 3647 1261 3722 flam-

328 3759 392 3825 mit
404 3770 569 3850 ureretur,
594 3771 647 3822 aut
658 3753 820 3842 machinis
834 3747 1058 3849 impelleretur.
1121 3753 1188 3823 Hie
1207 3779 1263 3825 er·-

183 3892 187 3902 1
235 3911 239 3930 .
326 3879 372 3954 go
384 3860 523 3949 juvenis,
535 3849 714 3953 perpenso,
725 3848 813 3952 quod
826 3851 944 3964 aggesli
958 3860 1041 3926 intus
1056 3847 1192 4030 cespitppi
1200 3853 1256 3928 de·

839 3991 842 4008 ι
1194 3983 1250 4030 en-
