2666 4430
311 229 379 310 '144
503 209 674 284 ors‘rt
698 208 774 280 ET
799 199 1058 280 VESTIGIA
1122 229 1125 236 ’

318 418 353 465 ea
369 385 553 488 tempestate
567 393 601 458 in
614 388 800 458 Porner'ania
814 381 1131 488 praecipuurn2quod
1147 381 1257 456 duces

316 499 448 568 inimico
463 497 496 562 in
521 485 551 562 se
570 496 679 562 animo
701 483 798 560 essent
817 511 949 590 propter
969 493 1126 588 Rugiarn,
1152 485 1255 585 quod

317 593 496 694 sperabant,
511 592 568 664 illis
581 619 649 666 uon
665 585 855 691 perrrriisarn.
929 595 1000 679 Jarn
1024 596 1123 691 Regia
1146 587 1256 661 claffis

316 722 376 798 per
388 695 486 766 saturn
502 694 591 766 illurn
608 693 731 782 sinunt,
763 722 864 796 quern
886 714 949 768 tres
975 720 1103 780 amnes,
1136 695 1257 778 Panis,
1306 706 1311 710 “

317 804 430 884 ruina,
450 801 613 883 Diuinao,
629 798 751 871 collecti
766 819 838 872 ante
855 802 986 884 exitum,
1003 803 1035 869 in
1057 821 1147 868 mare
1164 821 1255 872 con-

271 935 273 940 ·
316 901 438 986 ficiunt,
453 906 594 1000 pervenit
609 897 647 970 ad
662 900 799 972 confinia
812 899 919 988 Julini.
970 903 1052 971 Pons
1066 901 1177 970 Zuinae
1194 893 1254 968 su-

316 1001 511 1104 perpositus,
543 999 699 1102 oppidum
722 1009 889 1102 conjungit
912 999 1046 1074 adversae
1062 1008 1157 1100 ripaet
1189 1001 1256 1072 hic

317 1107 413 1178 none
427 1110 529 1204 prirna
547 1111 702 1205 quievere.
753 1109 839 1178 Ante
860 1103 965 1176 lucem
986 1105 1083 1200 Jplini
1105 1109 1188 1179 cives
1210 1110 1255 1174 in

227 1283 234 1294 ,
317 1209 446 1302 cymbas
468 1203 534 1279 suas
555 1212 678 1296 coiere,
691 1205 832 1280 hostibus
855 1213 894 1290 in
911 1207 981 1278 lacu
1004 1209 1131 1278 obviarn
1149 1211 1252 1294 ituri,

317 1330 353 1385 ut
367 1317 424 1382 iter
433 1315 688 1410 interciperetur,
708 1337 766 1382 nec
790 1313 890 1386 Danis
908 1307 1022 1382 fiducia
1045 1305 1157 1395 defuit,
1171 1307 1251 1380 illos

316 1420 477 1512 excipere:
511 1411 566 1485 diu
588 1419 623 1485 in
645 1411 782 1507 flumine
804 1431 950 1492 certatur.
1026 1415 1159 1494 Interim
1175 1413 1252 1483 Rex

300 1540 452 1617 ‚pontem
469 1541 507 1588 ex
529 1534 617 1615 parte
630 1510 816 1604 demolitus,
836 1512 1002 1588 transitum
1024 1512 1106 1588 claffr
1140 1511 1251 1588 facere

316 1617 485 1696 constituit.
538 1621 647 1718 Pugna
661 1628 697 1692 ὅ(
715 1621 757 1691 ibi
771 1617 960 1692 conseritur:
984 1624 1114 1717 pervicit
1134 1637 1251 1690 tanuen

314 1725 488 1799 Danornrn
503 1720 665 1807 inflantia,
686 1740 721 1795 ut
739 1716 861 1794 narsem
878 1719 1090 1810 deducerent,
1121 1718 1250 1820 sepibus

316 1823 443 1910 inultis,
462 1849 534 1922 quae
547 1828 582 1894 in
595 1819 731 1898 flumine
745 1822 881 1923 piscandi
902 1832 1001 1924 gratia
1023 1821 1247 1912 constiterant,

315 1925 488 2012 demolitis.
539 1929 724 1999 Pervenitur
738 1925 779 1999 ad
801 1933 937 2000 vicinam
954 1931 1080 1999 Comini
1095 1927 1180 1998 urbis
1194 1931 1249 1997 in·

242 2043 244 2048 “
315 2026 418 2108 sulam
433 2026 610 2122 Cristoarn:
635 2056 731 2130 quarn
744 2033 811 2104 Rex
833 2030 978 2129 populari
1000 2030 1193 2130 prohibuit,
1209 2047 1249 2098 nt

311 2125 392 2220 essct
412 2132 454 2204 ibi
477 2137 624 2228 jumentis
644 2131 813 2232 pabulandi
832 2131 1005 2234 refugiunt.
1057 2136 1193 2204 Ducitur
1211 2137 1249 2202 in

261 2267 274 2290 0
316 2237 449 2308 urbenr:
475 2263 578 2340 quarn
587 2262 773 2336 oppugnare
788 2240 856 2309 Rex
872 2235 1159 2336 adortus,prirnurn
1175 2260 1248 2306 cer·

89 2349 254 2431 Inbecillus
317 2356 426 2412 tamen
440 2344 475 2410 in
488 2361 587 2438 ponte
603 2337 755 2412 conserit:
781 2336 842 2411 sed
856 2367 891 2412 ea
910 2337 1070 2412 videbatur
1084 2364 1165 2436 pons
1181 2343 1247 2410 irn-

88 2434 299 2542 ξξὲωζξὲξοῗζζ
318 2437 505 2530 becillitute,⁴
527 2460 564 2512 ut
584 2448 684 2540 magis
698 2443 909 2542 pugnantibus
932 2443 971 2514 ab
993 2443 1048 2514 illo
1063 2439 1247 2539 periculum

89 2567 166 2610 vetar.
213 2549 228 2556 ’“
318 2536 402 2626 essct,
416 2567 514 2641 quarn
528 2543 568 2614 ab
582 2545 733 2624 hossibns.
784 2549 859 2644 Qu
875 2542 1046 2642 perpenso,
1068 2549 1135 2616 Rex
1159 2541 1247 2637 juffrt

314 2651 457 2744 receptui
473 2651 558 2717 cani:
585 2654 618 2720 ὅ(
632 2654 698 2738 jorn
713 2648 896 2720 excursione
907 2645 1000 2734 sacia,
1018 2655 1051 2718 in
1067 2651 1184 2717 vicinas
1199 2653 1246 2717 ri.

316 2773 381 2846 pas,
395 2746 543 2848 quicquid
556 2751 668 2848 praedae
682 2754 827 2822 contrahi
841 2757 955 2849 potuit,
968 2757 1000 2824 in
1013 2777 1107 2822 naves
1123 2775 1246 2849 conge·

316 2854 407 2924 titur.
458 2854 525 2924 Rex
541 2857 605 2945 jam
620 2849 658 2924 de
672 2851 773 2924 reditu
792 2863 932 2952 cogitans
947 2849 1105 2953 praemisit,
1120 2859 1175 2953 qni
1192 2879 1245 2922 vc·

318 2949 392 3027 dosa
430 2961 601 3055 propinqui
624 2954 764 3028 fluminio
796 2956 864 3028 loca
890 2974 1116 3056 pertentarent,
1142 2953 1245 3028 infida

87 3069 145 3122 ner
157 3068 298 3148 tnpsrieu·
317 3062 405 3129 enirn
422 3076 513 3129 erant
528 3084 564 3131 ea
580 3065 798 3158 peregrinis&
816 3065 934 3158 ignotis
957 3057 1044 3132 vada.
1113 3053 1181 3158 lpse
1198 3079 1243 3130 ta·

87 3135 279 3258 ¹⁰⁶⁰¹¹st¹f¹²²¹¹⁸
321 3187 411 3247 rnen,
426 3185 494 3232 non
511 3161 674 3260 experiare
696 3162 899 3261 exploratoris
913 3158 1038 3252 reditu,
1056 3159 1261 3262 egrediendi

316 3261 427 3336 avidus
450 3261 626 3362 supervenit
648 3261 810 3337 scrutanti:
848 3260 943 3365 seque
963 3271 999 3352 iu
1030 3262 1128 3358 syrtes
1149 3283 1243 3364 atque

315 3361 488 3464 periculosa
504 3361 575 3438 loca
592 3373 744 3460 conjecit,
777 3363 860 3440 unde
880 3367 1022 3467 plnrirno
1039 3366 1111 3466 post
1132 3365 1243 3439 labore

274 3477 276 3484 ’
314 3474 369 3538 vix
389 3475 569 3566 eriperetur.
642 3474 765 3542 Verum
787 3477 858 3567 quia
881 3471 977 3558 Julini
1008 3467 1118 3569 oppidi
1139 3476 1241 3546 vicina

92 3638 95 3642 .
126 3641 128 3646 ,
291 3588 407 3643 -crant
419 3571 547 3669 praedia,
572 3577 607 3644 in
629 3599 664 3646 oa
687 3569 887 3646 excursiones
901 3571 1004 3646 facere
1022 3575 1096 3644 ante
1119 3572 1240 3646 abitum

86 3693 200 3754 Aburon
215 3711 297 3778 popu.
316 3670 486 3766 conssituin
536 3671 685 3762 Absalon‚
698 3703 778 3748 unus
789 3702 826 3748 cx
834 3675 1046 3774 pontificibus,
1060 3677 1161 3752 noun
1170 3675 1240 3768 loca

81 3765 225 3892 mistim
256 3781 297 3821 ¹¹²·
315 3772 489 3892 exploravit
502 3772 631 3866 undosa:
643 3786 697 3882 '65‘
709 3781 819 3880 quibus
833 3784 950 3882 exponi
964 3783 1062 3878 copiae
1075 3796 1240 3955 poterafirpti3
