2666 4430
169 253 437 328 nruonvu
461 255 557 328 aar
583 219 929 331 urrunnun.
960 279 1016 354 143

81 430 237 532 draginta
253 431 384 504 navibus
398 431 509 532 egressi
524 429 564 504 ad
577 429 704 506 solitum
714 431 876 534 quaestum.
927 435 1015 506 Nor·
1043 411 1053 449 ⁸

82 542 175 634 vagii
190 532 286 635 Regis
301 554 443 607 oratores
462 534 567 608 eidem
590 542 713 608 inerant
739 541 927 627 conventui,
951 543 1017 630 iarn

83 641 270 722 redeuntes,
287 663 305 707 a
320 639 430 730 Daniae
456 635 641 739 quibusdam
667 641 859 738 proceribus,
881 641 1015 712 honoria

84 746 190 840 gratia
204 737 407 811 deducuntur
421 765 478 838 per
498 740 617 841 aliquot
631 742 722 816 milia.
798 743 955 814 Esbemus
986 746 1014 816 is

85 862 156 916 erat
171 869 212 914 ex
231 842 425 938 primoribus
439 846 567 931 Daniae,
592 853 647 943 qui
670 840 808 943 hospites
831 840 1014 921 deducebat.

84 944 141 1016 Isse
157 951 227 1038 jam
246 941 616 1044 rediens',aptrdOlda1n
637 939 782 1032 insulam,
797 946 881 1018 audit
889 948 1014 1046 Regem
1054 953 1056 961 '

85 1043 180 1118 suum
194 1055 261 1140 jam
276 1071 364 1119 arma
380 1073 531 1120 renovare
545 1053 577 1120 in
591 1047 815 1121 Wandaliam:
846 1055 1013 1150 rogatique

85 1150 124 1222 ab
141 1149 200 1232 islo
215 1147 339 1236 incola,
354 1147 379 1220 st
392 1175 467 1250 quas
481 1157 654 1249 piratarum
670 1175 761 1223 naves
778 1145 1014 1250 conspexissent,

86 1251 301 1353 quadraginta
322 1277 425 1352 nuper
457 1253 524 1325 vela
550 1259 583 1324 in
607 1259 795 1352 proximum
827 1250 857 1325 se
882 1271 1015 1351 portum
1088 1331 1092 1341 ι

89 1351 257 1428 contulisse
273 1354 466 1442 retulerunt,
485 1351 539 1428 sed
552 1362 728 1455 piratarum
742 1382 782 1428 an
798 1375 1019 1435 mercatorum,
1133 1355 1136 1364 ’

88 1456 219 1545 suerint,
229 1451 292 1530 esse
307 1456 364 1530 illis
377 1463 625 1556 incompertum.
676 1462 798 1546 Statuit,
812 1458 863 1531 ille
882 1452 940 1528 sub
956 1483 1015 1526 no·

91 1561 175 1634 siem
190 1557 361 1660 profundo
382 1557 412 1632 se
427 1560 566 1648 credere,
587 1560 692 1633 littora
717 1567 829 1648 vitare,
848 1577 884 1630 ut
898 1557 1018 1632 falleret

90 1659 173 1736 sorte
187 1661 230 1734 ad
253 1663 392 1762 praedam
414 1663 613 1742 excubantes,
645 1659 808 1736 ‘Proditus
828 1681 936 1735 autem
963 1686 1017 1733 ex·
1119 1653 1122 1667 Δ

90 1787 160 1838 orta
177 1765 253 1837 lune
267 1791 286 1840 a
302 1763 464 1838 Wandalis
478 1771 663 1838 incurriturz
688 1770 721 1838 hi
735 1773 822 1840 enim
843 1774 877 1839 in
899 1761 1018 1838 infidus
1039 1806 1044 1824 ·

88 1865 218 1946 latuere.
271 1872 309 1940 Irt
325 1893 456 1968 proram
471 1863 649 1970 progressus
663 1867 842 1956 Esberuus,
858 1869 944 1963 jubet
965 1893 1015 1939 ar·

90 1991 194 2045 matos
216 1967 290 2044 suos
305 1967 334 2045 se
348 1969 589 2058 circumsistere,
620 1972 689 2044 telis
703 1971 829 2045 hostem
861 1968 1016 2043 infestare.

89 2075 156 2147 Diu
175 2079 329 2172 utrinque
351 2094 521 2176 pugnatur.
570 2073 733 2146 Wandalis
754 2074 931 2173 plurimum
951 2068 1016 2142 san·

87 2183 192 2277 guinis
209 2177 251 2248 ab
263 2203 328 2248 una
342 2201 422 2249 nave
433 2177 657 2250 haurientibus.
709 2173 833 2260 Semel,
853 2181 969 2246 iterum
984 2195 1020 2246 ao

90 2277 337 2379 tertiorepuls1‚
361 2305 464 2380 quum
484 2281 638 2352 virtutens
660 2285 869 2363 mirarentur,
892 2294 1021 2375 rogant,

110 2388 156 2454 uis
173 2389 264 2454 navis
280 2383 316 2454 srt
337 2379 513 2481 praefation
565 2379 707 2468 Frustra,
721 2386 826 2482 inquit
839 2379 1018 2463 Esbernut,
1031 2381 1167 2468 Fortitudo
1189 2381 1243 2469 qai·

88 2409 127 2557 de
137 2482 292 2584 praefecto
306 2481 478 2572 sciscitatio,
492 2481 619 2586 quando
634 2482 746 2582 praedae
759 2477 934 2555 imminere
947 2507 1016 2553 non
1030 2452 1208 2582 papatem

87 2594 242 2684 poteritis.
294 2590 507 2686 Captivorum
523 2582 609 2693 apud
619 2585 794 2659 wandalos
808 2581 962 2688 quispiam
977 2611 1018 2658 ex

84 2692 185 2762 Danis
193 2709 310 2762 vocem
318 2687 1017 2792 agnovitloquentia.Esbernum,aitille,cape*

86 2798 361 2891 renonpotetitia.
376 2793 521 2865 Tumilli
535 2800 650 2890 partim
658 2789 792 2893 pudore,
800 2787 1016 2891 partimfuro*
1048 2879 1051 2886 γ

87 2919 122 2966 ro
135 2895 267 2979 invedi,
274 2900 472 2994 pertinaciter
480 2893 632 2983 insistunt,
640 2902 803 2996 utcapiant
811 2913 819 2967 t
827 2891 1018 2992 fortiterop·

86 3004 225 3098 pugnari
237 2995 351 3071 fortius
365 2993 397 3070 se
412 2994 596 3088 defendunt,
606 2993 877 3096 doneoabsumpta
885 3017 1018 3096 penate·

87 3099 115 3170 la
131 3098 326 3174 viderentun
388 3104 484 3174 Tum
506 3101 591 3196 jubet
612 3105 775 3173 Esberuua
795 3121 932 3171 unume
954 3093 1015 3170 suis
1031 3095 1243 3219 {emtfttmffl

86 3223 222 3302 accepto
245 3201 328 3278 salice
348 3204 472 3275 malmn
497 3199 699 3288 inscendere,
717 3211 816 3302 inque
835 3197 1016 3306 surrrrnitate
1067 3179 1118 3227 “¹⁸⁶
1237 3193 1242 3202 ’

86 3301 215 3378 excutio
229 3314 240 3378 i
265 3332 304 3380 ne
318 3303 478 3382 ostentate
492 3303 677 3378 flammam}
703 3300 855 3375 Wandaii
872 3307 941 3386 tati,
949 3299 1018 3372 dari

85 3405 217 3510 figarum
233 3333 323 3482 suciis
335 3409 485 3500 travibus,
503 3408 658 3480 absistunt.
736 3410 788 3476 sic
801 3412 884 3477 inter
899 3403 1028 3478 multot-

86 3518 179 3608 pauci
194 3518 229 3583 in
250 3518 386 3612 patriam
407 3529 610 3583 revertuntur
642 3507 829 3581 incolumes.
881 3513 953 3608 Cap.
967 3523 1017 3592 27.

86 3609 330 3686 Wandalorum
351 3639 432 3714 ergo
458 3611 578 3687 bellum
600 3616 766 3684 intermitti
780 3613 848 3681 Rex
863 3635 932 3681 non
947 3634 1014 3710 pas<
1031 3625 1090 3686 Rex
1109 3629 1226 3690 velden.

86 3712 151 3805 sue,
183 3717 297 3789 audine
318 3719 539 3816 Rugiauorum
556 3739 595 3788 ex
615 3709 733 3788 fudere
746 3705 855 3798 classe,
879 3716 1015 3786 Zuinam
1031 3701 1149 3824 Jfflffi'
1166 3717 1210 3773 Ψ

87 3814 223 3892 fluvium
237 3817 433 3919 ingreditur,
456 3817 611 3892 ducturus
630 3816 823 3905 iuJusiottm
841 3785 1048 3918 ορρίἀιιιιι,3
1089 3825 1092 3832 ’
1128 3805 1137 3822 ’

980 3943 1018 3987 ea
