2666 4430
245 357 253 368 ,
336 311 396 380 tto
497 283 1087 374 *GESTAETVESTIGIA
1180 317 1191 326 ⁴

336 484 434 564 quarn
448 481 520 545 ante
534 485 588 532 eos
602 466 636 530 in
651 461 763 534 nebula
777 456 989 546 conllitill'ent.
1048 466 1196 564 Strepitu
1211 471 1271 562 pri-

335 572 429 642 rn'utn
444 560 657 636 festinantium
677 562 716 636 ad
749 592 836 637 artna
858 562 992 665 proditi:
1028 563 1113 638 inde
1140 567 1269 666 paulurn

333 673 414 739 circa
432 663 597 738 meridiem
614 661 755 738 serenato
770 667 869 752 aere,
889 664 944 738 sub
960 668 1065 743 oculis
1081 667 1268 762 adverfiex-

333 775 456 855 ercitns,
474 774 621 841 certiores
636 763 752 842 efferri.
802 773 882 842 Non
894 791 959 847 erat
972 772 1029 842 alia
1053 778 1120 857 uia,
1138 771 1198 844 nifi
1212 797 1267 870 per

269 959 271 968 Α
331 869 507 960 hostes,his
522 890 577 940 aut
592 871 667 961 illis:
694 899 769 944 nant
789 870 1012 961 retrocedere,
1037 870 1073 945 id
1106 901 1188 946 vero
1211 901 1265 973 pu-

104 983 294 1050 trutinator·
331 971 472 1048 dandum
490 969 601 1054 visum,
680 979 788 1073 ltaque
802 1001 908 1060 anna,
924 971 1082 1074 dispolitis
1098 1003 1164 1074 pro
1187 971 1264 1048 tein-

328 1102 410 1174 pote
426 1079 555 1163 aciebus,
569 1082 780 1163 intentantur,
794 1075 884 1152 fortis
900 1073 1066 1150 dimicatio
1083 1074 1262 1178 consurgit:
1313 1089 1314 1106 ³

328 1182 414 1252 Dani
436 1177 633 1265 wandalos,
671 1178 715 1252 illi
742 1183 853 1252 Dauos
881 1180 1035 1280 repellere
1063 1178 1260 1254 adnituntur.

273 1296 278 1305 '
327 1282 427 1360 Multi
441 1288 580 1356 invicern
594 1279 721 1370 cadunt,
731 1287 811 1353 varia
825 1309 860 1354 ac
875 1279 966 1354 dubia
979 1280 1037 1354 diu
1054 1283 1148 1354 uolat
1162 1285 1257 1354 vidio-

98 1405 292 1474 mrvscm,
326 1393 390 1459 ria:
424 1385 553 1461 tandem
569 1389 740 1456 Danortun
756 1392 834 1484 parti
857 1385 1002 1474 ineliuat;
1035 1385 1163 1459 cedunt
1178 1391 1257 1456 Van·

325 1486 407 1575 dali,
433 1493 538 1563 vicino
553 1485 634 1562 vado
657 1488 748 1561 multi
763 1495 1007 1587 iunnerguntur.
1089 1489 1254 1561 Navabant

298 1651 300 1658 ,
324 1599 473 1692 utrinque
488 1588 585 1670 fortes
601 1596 659 1663 viri
674 1615 824 1689 operatu:
849 1589 901 1663 setl
920 1610 988 1664 turn
1005 1617 1059 1663 ret
1074 1593 1181 1682 Danis
1194 1617 1252 1662 ces·

323 1692 370 1768 stt.
421 1701 528 1791 ltaque
544 1689 645 1792 prada
661 1691 790 1766 onullus
802 1696 891 1777 Rex,
913 1699 986 1794 quia
1011 1695 1131 1766 bruma
1149 1697 1250 1782 irnrni·

205 1857 208 1864 ,
321 1797 432 1884 nebat,
456 1791 596 1870 reversus
616 1794 660 1868 cll
675 1801 709 1866 in
730 1821 876 1894 regnum.
953 1802 991 1874 Et
1000 1799 1071 1896 post
1087 1801 1250 1887 nonnulla:

319 1902 457 2001 Capssiz.
470 1920 501 1996 p.
519 1905 571 1972 rro‘.
622 1902 721 1996 Igitur
736 1924 793 1995 per
807 1918 918 1978 rnutua
939 1895 1155 1992 expeditionis
1174 1919 1248 1970 tern-

316 2027 411 2106 pota,
427 2004 494 2075 Rex
509 2026 525 2070 a
540 2004 630 2078 Duce
644 2007 660 2096 (
668 2001 709 2095 [c.
728 2007 868 2074 saxonia
882 2007 1020 2078 chrr'co
1035 2004 1161 2094 Leone)
1177 2026 1247 2071 con·

318 2113 389 2180 vira
404 2109 558 2202 excipitur
572 2109 605 2176 in
622 2103 740 2174 callris:
766 2098 915 2202 splendor
938 2110 973 2178 dt
995 2125 1166 2206 apparatus
1188 2107 1244 2188 Re·

317 2235 360 2312 ge
376 2207 489 2310 diguus
502 2205 682 2292 instruitur,
699 2212 732 2277 in
746 2203 909 2294 famulatu,
923 2213 957 2278 in
971 2211 1089 2306 epulis,
1111 2214 1145 2294 in
1159 2207 1244 2278 omni

315 2309 570 2388 cerumordine.
646 2311 707 2381 Sua
728 2307 996 2411 quisqueydeiude
1017 2332 1112 2408 parte
1130 2305 1244 2382 hollilia

91 2438 166 2493 vrtu.
190 2403 498 2514 vindat.,populatur.
550 2403 698 2486 Wandali
716 2407 746 2486 le
760 2413 883 2487 arcibus
895 2433 989 2511 atque
1004 2411 1157 2510 praesidiis
1172 2433 1241 2480 con·

89 2506 238 2580 1¹⁰Pl¹¹⁹‘¹¹‘·
310 2521 430 2602 tinent,
444 2511 494 2606 sua
511 2522 621 2588 omnia
635 2521 726 2590 inviis
745 2513 907 2614 paludibus
922 2513 1080 2588 condunt.
1121 2517 1240 2612 Magno

310 2622 594 2692 internunciorum
615 2617 759 2716 periculo
774 2624 929 2716 principer
944 2614 1082 2690 redeunt
1097 2608 1131 2690 in
1147 2613 1238 2688 collo·

88 2754 145 2809 nex
158 2751 233 2806 vera,
247 2755 299 2808 Ro·
309 2727 437 2822 quiunt.
474 2721 543 2794 Rex
557 2716 613 2790 suo
628 2726 739 2802 itinere
755 2719 872 2792 vallant
888 2727 1010 2806 ornnia,
1027 2719 1068 2792 ad
1085 2716 1236 2820 oppidum

88 2819 214 2901 stpehjum
227 2822 267 2880 1¹¹·
317 2845 387 2898 turn
402 2849 549 2923 parvum,
565 2821 785 2911 Rollockirrrn,
798 2829 950 2922 pervenit,
969 2821 1065 2923 idque
1085 2826 1235 2918 habitato·

88 2890 182 3006 ‘m‘
309 2953 391 3002 rutn
409 2945 498 3002 metu
510 2921 667 3000 desertum
683 2923 838 3000 incendit:
863 2923 937 2998 inde
949 2925 1106 3025 populatis
1120 2931 1234 2996 circum

220 3041 226 3058 '
314 3030 466 3105 omnibus
481 3023 521 3100 ad
533 3053 626 3108 ,rnare
646 3027 819 3102 contendit.
870 3032 1048 3100 Nunciatur
1068 3024 1165 3102 claffis
1178 3027 1242 3094 l'ov

313 3160 445 3210 merana
475 3156 549 3204 curn
575 3134 719 3230 Rugiana
741 3127 938 3230 adnavigare.
1014 3134 1083 3203 Rex
1101 3157 1122 3200 a
1148 3131 1232 3224 Duce
1313 3179 1314 3206 ,

313 3255 543 3343 promouetur,
556 3259 685 3306 atnueus
699 3233 830 3332 linquat,
851 3259 938 3306 mare
952 3257 1117 3332 repetens,
1129 3256 1172 3318 ne
1187 3233 1230 3296 in·
1313 3231 1314 3236 ’

244 3355 245 3358 ’
306 3338 505 3428 -tercludatut
520 3335 558 3407 ab
573 3335 731 3424 hollibus,
745 3333 835 3436 quod
848 3339 915 3408 Rex
929 3334 1096 3408 confilium
1115 3327 1230 3434 putauit
1313 3357 1314 3368 ¹

310 3471 379 3518 non
398 3433 688 3525 contemnendum.
718 3517 721 3526 ,
764 3438 826 3510 Sed
845 3460 914 3513 turn
934 3436 1060 3510 infidias
1085 3433 1228 3536 cogitavit

302 3543 427 3620 ‚infidus
444 3541 584 3620 illudere.
636 3547 854 3640 Compertutn
875 3542 984 3634 habuit
998 3540 1110 3636 ¹militis
1130 3534 1174 3609 sui
1196 3535 1228 3600 in

310 3667 429 3724 terrain
444 3640 601 3746 egrelltun
616 3645 781 3746 expediere
795 3642 985 3733 Wandalos,¹
995 3664 1030 3714 ut
1047 3668 1081 3713 ea
1100 3651 1225 3738 oportu-

311 3756 411 3823 nitate
432 3744 554 3821 claffern
587 3767 756 3820 exurerent
776 3767 867 3848 atque
889 3763 1115 3847 expugnarent.
1163 3739 1230 3807 Rex·
1313 3809 1314 3812 ,

296 3852 396 3947 ‚jubet
410 3851 522 3928 utiliter
536 3849 633 3922 condi
645 3855 679 3921 in
693 3872 803 3938 neuen
812 3871 930 3950 paucos
941 3849 1072 3922 inlinus
1085 3829 1224 3959 egrelloft

866 3959 872 3968 “
1154 3961 1223 4010 ucr-
