2700 4408
321 277 368 361 ⁶4
490 261 666 335 cestu
698 261 772 334 ΕΤ
804 261 1070 360 vesorem
1319 202 1320 270 ¹

322 442 374 516 uli
387 440 426 514 dc
440 446 608 535 chuioino,
623 438 760 540 Episcopo
773 420 1006 539 osnabrugensi,
1020 447 1077 510 ita
1093 437 1275 542 quuitur:¹

325 539 408 646 Qid
422 562 544 641 poterat
558 548 604 613 uir
618 541 742 614 latibula
758 537 1022 640 circumspiciens,
1048 545 1115 640 'qui
1141 567 1218 612 nou
1235 548 1271 612 in
1323 578 1324 634 ρ

104 651 208 713 rnfintu
226 647 310 704 mutti-
325 641 727 745 publicumegrediebatur?
753 642 932 746 Quinudo
940 640 1219 731 educeretartna,
1229 641 1269 714 ad
1324 672 1325 714 t

104 721 279 848 {ffiffi
324 748 519 847 obviandum
534 746 663 818 infinitae
671 743 871 823 multitudini
885 748 1072 834 Dacorum,
1087 746 1270 846 egredieu·
1325 766 1326 808 t

323 856 406 922 tium
419 857 453 922 iu
466 853 648 935 Saxouiam,
665 844 704 921 ad
718 847 890 940 delendum
904 874 1005 920 omne
1012 874 1150 922 nomen
1167 851 1270 922 Chri·
1326 860 1327 886 ¹

83 1023 84 1030 ,
176 1026 178 1032 ,
309 948 1269 1052 'ilianum,aquaexcursioneprohibitisuutviventeLudo·
1327 954 1328 984 ¹

206 1127 209 1132 a
325 1063 396 1128 vico
412 1057 517 1154 Rege,
542 1053 693 1125 Ludovlci
710 1057 911 1152 Imperatoris
925 1053 1012 1143 filio,
1040 1061 1139 1148 cujus
1162 1061 1268 1128 etiam
1328 1047 1329 1082 ³

327 1179 435 1232 morte
448 1157 546 1228 laxata
561 1152 628 1228 sunt
643 1155 702 1228 illis
716 1153 851 1231 claullra.
877 1163 915 1230 Et
929 1159 1032 1230 eodem
1045 1159 1106 1232 lib.
1127 1165 1268 1258 ὥρῃ.

325 1285 356 1366 ρ.
364 1287 409 1355 ²3·
436 1263 481 1332 Ea
497 1256 538 1330 de
553 1284 586 1330 re
602 1255 675 1330 saili
690 1261 773 1330 Daui
793 1256 989 1348 audaciores,
1014 1287 1077 1359 per
1101 1286 1202 1334 mare
1231 1268 1266 1333 ἁ
1330 1267 1332 1354 ’ρ

328 1391 385 1463 per
400 1363 505 1435 littora
519 1363 700 1462 evagantes,
722 1359 889 1434 crudeliter
904 1359 973 1434 sunt
987 1357 1165 1464 digraffati.
1195 1365 1267 1434 Fri·
1331 1355 1333 1442 ζ

328 1463 419 1539 sones
446 1465 565 1536 tributo
596 1460 780 1557 subjiciunt:
805 1461 986 1566 eodemque
1011 1489 1171 1565 tempore
1206 1489 1266 1565 per

106 1564 217 1656 catut·
236 1591 315 1664 ena-
329 1571 481 1641 Rhenum
493 1565 593 1650 vesli,
617 1567 791 1638 Coloniam
811 1564 1023 1641 obsederunt:
1049 1594 1111 1668 per
1128 1568 1266 1639 Albiam

106 1667 148 1789 ’ἐξ
162 1660 312 1786 οξήξξὲωρ
331 1697 408 1745 vero
421 1669 648 1767 Hambutgum
663 1669 878 1742 incenderunt.
931 1671 1033 1743 Verba
1047 1669 1189 1744 Annalis
1207 1666 1264 1741 etii

136 1750 203 1788 m.
308 1770 402 1848 'alibi
416 1797 544 1872 quoque
564 1768 661 1868 polita
681 1767 769 1860 sttnt,
795 1769 833 1842 ad
853 1769 953 1844 fidem
977 1780 1074 1847 etiam
1091 1777 1175 1844 huic
1191 1767 1263 1844 sunt

329 1869 470 1953 addenda
484 1873 577 1958 loco,
603 1892 637 1944 ut
652 1893 837 1975 tempotum
851 1875 1029 1973 qualitatem
1045 1882 1080 1947 in
1095 1875 1261 1976 religione

330 1974 450 2050 Christi
464 1973 694 2076 pervideamus.
753 1977 890 2070 Inclyta,
909 1983 1028 2078 inquit,
1053 1984 1170 2050 civitas
1194 1995 1262 2049 tota
1338 2045 1339 2048 ,

330 2100 383 2152 aut
397 2078 517 2179 pracda,
531 2096 587 2150 aut
599 2078 747 2154 incendio
761 2085 852 2180 periit
867 2105 875 2150 :
901 2081 942 2151 ibi
957 2081 1098 2167 ecclelia,
1112 2083 1160 2154 ibi
1176 2079 1261 2154 clau·

19 2208 22 2218 “
109 2205 266 2266 Bibliotheca
332 2183 444 2268 llrum,
458 2183 501 2256 ibi
515 2181 710 2273 bibliotheca,
725 2181 851 2256 suuuno
857 2209 914 2284 per
921 2191 1115 2286 Ausgatium
1125 2182 1261 2255 collesla

110 2274 206 2358 ΜΡ·
229 2271 322 2330 ‘⁰⁰⁵¹'
334 2282 450 2372 studio,
458 2281 620 2357 consumta
630 2283 681 2358 est.
732 2287 861 2358 sanstus
876 2309 981 2378 autem
990 2283 1166 2386 Ansgarius
1182 2308 1260 2355 cum

110 2361 205 2422 ‘m'
333 2391 472 2488 reliquiis
502 2382 686 2459 sandlorum
719 2393 902 2480 Martyrum
929 2395 980 2460 vix
1015 2387 1121 2459 nudus
1150 2383 1258 2459 evasit.

225 2571 229 2578 ,
333 2492 437 2568 Liba.
446 2495 602 2589 Cop.t5.p.
603 2517 651 2578 50.
660 2491 887 2562 Normatmieo
896 2485 1259 2590 temporegrass'atisunt

334 2617 391 2692 per
407 2595 601 2689 provincias,
626 2599 690 2685 jam
706 2599 800 2664 etiam
816 2589 879 2661 auli
894 2591 964 2690 poll
980 2593 1186 2665 Ludouicum
1195 2595 1257 2662 Re-

335 2719 411 2796 gem
424 2686 570 2764 incessere
578 2693 908 2780 Germaniam,Galliis
921 2714 1030 2768 tamen
1045 2703 1185 2768 acriores
1194 2701 1257 2766 &e

335 2803 374 2870 Et
394 2801 468 2895 cap.
482 2801 521 2867 16.
538 2797 606 2868 cad.
621 2821 697 2900 pag.
730 2893 732 2896 ι
749 2800 879 2870 Tettius
899 2820 968 2867 tum
982 2792 1104 2897 praefuit
1118 2793 1256 2869 ecclcsiae

335 2894 499 2974 Miudenll
513 2893 684 3000 Episcopus
693 2900 929 2986 Theudoricus,
947 2904 999 2998 qui
1015 2898 1122 2970 incidit
1136 2908 1172 2972 iu
1185 2923 1257 2997 gra·

336 2997 458 3074 villlma
471 3018 617 3100 tempora
632 3006 714 3102 (quac
727 3009 873 3101 proxime
886 2998 1041 3095 diximus)
1050 2997 1255 3103 grassantium

115 3112 187 3170 Galli
203 3113 294 3170 ΜΝ
336 3103 636 3190 Nurtnaunorum,
666 3129 744 3174 nam
770 3101 812 3175 fic
839 3106 949 3175 Dauos
976 3104 1134 3204 appellant
1163 3100 1255 3176 Galli.

114 3184 294 3310 {QMF
313 3257 320 3270 ·
337 3207 410 3282 Nec¹
423 3201 525 3278 modo
538 3203 689 3294 interfuit,
703 3201 754 3278 sed
768 3213 862 3279 etiam
872 3202 993 3306 praefuit
1007 3201 1151 3308 glorioso
1161 3207 1254 3278 Chri·

272 3371 275 3378 .
337 3310 513 3384 iliauotum
527 3315 667 3410 agmini,
681 3305 757 3382 caeso
772 3334 810 3380 ac
823 3308 979 3381 tumulato
994 3315 1028 3382 in
1044 3307 1255 3403 Ebbeltllorp.

258 3474 261 3481 .
338 3413 468 3486 Annalis
488 3437 545 3511 per
571 3407 719 3484 inscitiam
738 3432 924 3514 temporum
945 3419 1126 3502 litterum,
1151 3407 1254 3483 hollet

325 3508 430 3585 ‘soille
441 3511 603 3587 contendit
616 3513 779 3616 Ungaros.
827 3511 892 3588 Sed
902 3515 947 3588 illi
961 3516 1065 3588 multis
1080 3511 1150 3616 poll
1165 3513 1255 3584 annis

338 3609 587 3719 descenderunt,
616 3643 717 3716 quum
740 3619 831 3691 rebus·
850 3643 906 3717 per
919 3621 1096 3690 &oxoniam
1119 3607 1253 3718 praeesset

339 3715 499 3790 Heuricus
514 3723 647 3816 primus,
661 3724 804 3793 Saxonite
819 3725 910 3805 Dux,
936 3718 1008 3794 inde
1030 3725 1253 3794 Rornanorum

296 3885 298 3891 .
338 3817 408 3900 Rea
430 3836 522 3918 pater
541 3823 637 3918 primi
653 3824 781 3896 Ottuttis
802 3827 1013 3923 Imperatoris,
1071 3819 1252 3897 Narmanni

1177 3944 1252 4022 eigo
