2666 4430
307 233 391 376 x142
523 275 693 350 unsri
723 277 798 350 ET
822 273 1079 352 vnsrrcm

101 474 309 556 Justesciecon-
330 482 424 557 agere
438 473 621 554 coeperunt.
672 455 760 528 Nam
780 463 933 557 usquein
952 457 1037 530 lllarn
1058 452 1146 530 diem
1179 479 1271 526 nus-

102 545 237 617 gradense
251 536 313 600 '¹¹⁶‘
329 585 425 660 quam
439 564 513 630 totis
526 563 625 658 copiis
645 565 678 631 in
691 566 792 632 aciem
818 558 1021 660 prodierunt,
1054 554 1109 632 sed
1128 559 1268 632 levibus

102 687 176 742 escis
197 684 314 740 condro-
329 681 457 734 tanturn
472 661 582 759 preliis
601 659 812 736 conflixerunt
831 681 869 734 ex
887 660 1009 736 infidiis.
1071 665 1158 734 Pacis
1183 680 1270 730 tum

102 771 157 809 ¹¹²⁵·
330 760 535 836 conditiones
569 767 618 834 lrae
656 762 768 852 luere,
797 783 833 836 ut
844 763 1055 864 ‘Wolgallum
1077 759 1272 862 oppidum,

329 885 518 966 opportuno
532 864 645 938 lit'ton's
666 867 746 940 loeo·
756 864 867 955 litum,
880 865 1031 940 trifariam
1052 863 1270 967 dividebetur,

331 975 367 1044 dt
380 969 491 1069 quibus
505 967 598 1043 vellet
615 971 682 1040 Rex
701 967 849 1069 praefidiis
870 988 1044 1044 teneretur:
1078 973 1184 1067 piratis
1201 970 1271 1038 Pa·

331 1079 380 1144 nis
395 1069 536 1144 fluminis
549 1068 649 1143 aditus
669 1090 857 1172 negaretur,
871 1079 906 1148 &
922 1071 960 1144 ad
982 1099 1018 1146 ea
1043 1066 1272 1157 observanda,

331 1179 399 1248 tani
412 1175 491 1272 Regi
506 1199 604 1275 quam
619 1177 704 1247 Duci
724 1171 847 1250 obfides
867 1173 1017 1250 darentur
1035 1181 1097 1248 &e
1119 1170 1270 1246 reduclis

331 1278 516 1352 exercitibus
541 1299 602 1375 pax
616 1275 734 1350 reddita
750 1285 813 1352 &c
862 1275 925 1350 Sed
940 1275 1089 1352 diuturna
1104 1269 1166 1348 else
1187 1301 1268 1348 non

332 1387 448 1480 potuit,
462 1400 593 1480 propter
607 1379 767 1452 alternum
782 1380 963 1453 immortale
979 1388 1140 1478 utriusque
1155 1385 1269 1479 gentis

104 1493 174 1552 nent
187 1493 317 1576 principes
334 1480 466 1557 odiutnt
498 1508 600 1582 quum
615 1484 700 1554 Dani
722 1489 889 1584 principes,
905 1482 1076 1584 Wolgallo
1092 1478 1268 1583 praefiden-

104 1563 317 1688 {23:22¹ssss
335 1587 559 1685 tes,Rugienos
573 1581 679 1657 secum
693 1583 855 1660 exfoedere
871 1588 1000 1660 inurbe
1014 1605 1151 1686 agentes,
1166 1593 1289 1656 vexa·'

104 1652 123 1706 g
335 1686 475 1780 tionibus
499 1687 614 1760 crebris
649 1687 806 1786 oppidum
839 1685 980 1762 deserere
1020 1685 1268 1788 compellerent.

104 1788 219 1910 Rugipni
236 1786 316 1842 ⁰¹¹¹¹⁵
336 1792 408 1863 Nec
422 1796 529 1861 minus
547 1791 682 1888 Regiani
698 1817 858 1863 novarum
870 1817 981 1864 rerum
996 1790 1118 1890 cupidi,
1139 1795 1175 1860 in
1191 1791 1268 1860 Du·

105 1857 176 1913 ‘⁹⁵⁸¹
188 1870 242 1910 '¹¹¹'
337 1919 409 1965 cem
425 1896 606 1964 Henricum
619 1888 832 1991 respicientes,
854 1897 952 1967 Danis
965 1894 1115 1968 rebellare
1133 1889 1265 1964 audent.

105 2003 184 2080 Nove
196 1998 272 2058 vett.
291 1998 319 2050 in
338 1992 438 2099 Qud
451 1997 505 2066 ubi
519 1996 693 2068 Danorum
719 1999 786 2070 Rex
805 2015 1009 2096 compertum
1029 1996 1156 2082 habuit,
1189 1995 1266 2066 clas-

8 2191 11 2198 ,
105 2073 220 2200 {3⁸⁰²
242 2081 320 2142 Ψ
337 2096 405 2175 sem
419 2114 558 2198 reparate
589 2101 727 2199 Regiam
742 2106 842 2172 autin
855 2097 919 2172 fide
933 2105 1116 2186 continere,
1145 2116 1200 2172 aut
1224 2093 1267 2167 ad

304 2205 315 2239 ⁸
338 2200 466 2306 prilliua
479 2207 551 2300 Juga
572 2219 669 2276 tentat
691 2199 840 2276 reducere
861 2210 924 2276 &e
976 2208 1082 2276 Verua
1103 2194 1266 2303 expeditio

339 2303 439 2380 solam
454 2302 659 2378 vastationem
673 2301 778 2379 effecit
791 2311 981 2405 provinciae,
1000 2307 1151 2407 Rugianis
1169 2299 1201 2378 se
1215 2309 1266 2375 in·

216 2492 224 2502 Ι
264 2443 267 2452 ‚
340 2430 388 2480 tra
404 2413 531 2480 moenie
546 2408 738 2495 tenentibus,
760 2407 818 2480 nili
833 2407 923 2508 quod
940 2409 1057 2483 levibus
1077 2406 1192 2509 preliis
1205 2404 1267 2477 fie-

340 2511 414 2582 bant
432 2505 628 2583 excurliones
648 2517 683 2582 dt
705 2536 856 2610 agrorum
876 2512 1104 2610 populationes.
1153 2511 1267 2582 Reno·

341 2630 410 2684 vata
424 2611 458 2682 in
471 2611 683 2684 audiumnuru
698 2609 815 2684 claffiee
830 2613 1047 2712 expeditione,
1069 2638 1170 2714 quurn
1185 2614 1267 2683 hor-

340 2739 394 2787 rea
415 2719 526 2786 onrnia
547 2714 640 2834 plene
660 2723 893 2814 reperirentur,
917 2715 956 2786 ad
973 2722 1081 2788 Areon
1102 2712 1266 2817 oppidum

165 2833 169 2840 '
265 2855 267 2862 v
339 2816 482 2918 legiones
501 2813 663 2916 expolite:
695 2817 753 2918 ipfi
769 2825 849 2890 cives
863 2837 1004 2890 mutuata
1021 2845 1038 2890 a
1058 2823 1168 2888 vicinis
1181 2816 1268 2888 mili·

341 2923 399 3006 tia,
420 2925 460 2992 in·
470 2915 658 3017 improvisos
672 2918 705 2993 se
718 2918 835 2994 adoriri
851 2921 1012 2993 credentes
1037 2921 1267 3021 erumpebant,

111 3023 231 3082 mlum
266 3028 324 3074 ἀθ
341 3021 417 3122 julla
433 3025 533 3094 Dunis
548 3029 612 3094 acie
628 3018 832 3124 congressuri.
882 3024 929 3095 lbi
949 3024 1047 3095 multa
1067 3019 1201 3096 fortitun
1218 3027 1267 3091 vi·

111 3091 289 3148 mmmm*
342 3150 459 3202 toturn
474 3123 620 3224 praeclara
645 3123 787 3198 facinora
808 3131 960 3226 utrinque
981 3122 1052 3200 sunt
1085 3122 1267 3222 conspatia,

231 3307 235 3315 ,
342 3223 406 3304 Sed
420 3248 490 3302 tum
504 3225 657 3327 oppidani
668 3235 749 3302 iutra
769 3224 821 3300 sun
842 3235 960 3302 moeuia
976 3224 1046 3300 lunt
1065 3226 1200 3328 repulli,
1232 3234 1268 3302 de

342 3337 423 3419 Rex,
437 3330 642 3433 populatione
654 3337 827 3430 provinciae
839 3328 939 3418 fadis,
962 3329 1162 3406 incolumem
1179 3355 1268 3403 exer·

343 3443 443 3508 citum
458 3429 644 3533 clallernque
658 3430 760 3534 spoliis
774 3431 897 3508 reduxit
910 3429 1054 3506 ouullam
1065 3441 1126 3508 &u
1137 3440 1212 3534 Cap.
1223 3437 1268 3507 20'.

185 3585 186 3590 κ
219 3625 220 3630 ¹
336 3561 374 3642 p.
387 3556 449 3618 218·
525 3529 674 3608 Wandali
687 3542 815 3611 interim
830 3539 896 3634 (sc.
913 3537 1064 3611 Danirol
1097 3537 1268 3639 apatheoſsrt

342 3641 585 3740 Μικίψα
598 3641 637 3712 de
651 3643 768 3714 tumulo
781 3650 818 3712 itt
832 3666 927 3712 aram
942 3640 1207 3736 transferebatur,
1223 3663 1268 3710 co-

343 3751 597 3844 renationemque
604 3741 729 3828 Canuti,
736 3742 807 3833 filii
819 3748 926 3840 Regis,
934 3743 1157 3828 exultantibus,
1172 3749 1210 3819 ὅ
1216 3742 1268 3837 st·

2 3906 3 3935 2
113 3823 326 3972 mmm
337 3848 438 3943 struas
462 3846 532 3934 tter
553 3843 735 3958 agentibus)
748 3842 952 3918 excturebaut
971 3841 1179 3946 adpraedam,
1194 3867 1268 4017 gua·

1 3989 3 4031 t
346 4000 353 4014 ·
1223 3969 1268 4018 ra·
