2666 4430
242 297 267 428 j
322 335 398 418 '132
530 309 699 396 casm
730 318 1097 398 arvasrrcrn

85 489 88 500 ¹
118 522 188 576 Mitte
217 537 310 602 „pra
347 525 416 571 non
429 492 566 571 abnuere
582 496 750 572 constituit.
802 497 840 572 Id
859 527 933 574 curn
959 506 993 574 in
1016 507 1160 574 exercitu
1177 501 1269 599 publi·¹

117 593 319 713 ffiigffe‘gssi
348 620 491 686 caretur,
517 627 599 672 unus
613 607 764 674 omnium
778 602 901 701 clamor
915 609 1083 690 exoritur,
1110 601 1224 676 frullra
1238 605 1269 676 il·

118 725 310 795 acerbeteruru.
345 703 381 776 lit
396 705 563 775 vidloriam
578 701 694 777 adimi:
719 711 782 798 jam
796 733 878 806 pene
893 726 1021 807 captam
1039 708 1176 792 urbem,
1195 707 1267 778 mitia

346 815 418 879 ‘tum
432 805 604 905 direptioni
619 801 678 878 elle
691 806 954 906 permittendam:
976 807 1114 908 quando
1129 809 1211 880 nulla
1226 817 1268 901 ju·

344 906 441 982 lliora
466 909 585 980 militiae
606 915 756 1008 praemia,
782 916 815 980 in
835 911 1117 1010 quibusmultum
1137 907 1267 998 sudoris,

341 1011 414 1112 plus
428 1019 523 1083 etiam
545 1007 704 1111 sanguinis
717 1009 907 1112 impensum.
959 1017 1047 1086 Etim
1070 1015 1117 1086 ob
1140 1014 1266 1094 tumula-

340 1117 466 1187 tionem
480 1117 548 1188 Rex
564 1113 790 1213 aliquantulum
804 1113 908 1186 callris
922 1111 1097 1216 digreffua,
1119 1141 1192 1188 cnm
1206 1121 1264 1215 pri-

340 1217 488 1290 moribus
503 1213 674 1303 consultat,
691 1212 767 1317 quid
781 1213 868 1291 fatto
881 1215 918 1289 fit
933 1243 1024 1316 opus.
1080 1221 1129 1290 lbi
1143 1240 1209 1290 tunt
1222 1215 1263 1290 di·

339 1321 399 1392 cla:
412 1319 591 1392 multorum
606 1313 776 1405 sententiae,
792 1325 858 1420 capi
875 1317 1008 1420 quidem
1031 1322 1152 1395 urbem
1172 1315 1260 1420 polle,

313 1471 317 1478 -
338 1418 393 1497 sed
408 1447 477 1495 non
491 1448 550 1509 ea,
576 1447 637 1522 qua
652 1421 819 1508 rebantur,
843 1418 1011 1503 facilitate:
1039 1421 1167 1525 dirupta
1188 1450 1259 1494 moe·
1311 1497 1312 1504 χ

338 1534 390 1598 nia
397 1530 480 1598 intus
487 1524 599 1624 pluteis
611 1520 741 1611 refecta,
756 1523 966 1598 robustiorem
975 1521 1038 1598 effe
1053 1525 1094 1599 de
1103 1533 1258 1599 intuamu-

336 1635 522 1714 nitionem,
548 1651 646 1726 quarn
670 1623 749 1698 foris
775 1624 941 1701 videatur:
966 1630 1061 1702 rebus
1085 1628 1256 1702 conducere

336 1735 489 1803 currentia
502 1729 661 1815 vidioriae,
674 1747 709 1800 ut
722 1729 844 1802 urbe‘in
859 1728 1060 1803 deditionem
1076 1749 1209 1831 accepta,
1221 1726 1255 1798 ad

334 1833 470 1932 reliquas
489 1827 671 1903 obfideudar
686 1829 948 1932 progrediantur,
974 1841 1084 1932 potius
1106 1861 1199 1935 quarn
1219 1827 1253 1902 ad

334 1959 433 2008 unam
454 1931 579 2007 sedeant
600 1931 769 2019 diuturno,
795 1933 883 2032 quod
906 1953 1031 2007 certum
1057 1935 1121 2024 eil,
1148 1931 1198 2008 sed
1218 1957 1253 2003 au

283 2047 285 2055 ‘
333 2054 449 2137 optato
463 2045 558 2110 etiam
573 2043 677 2122 exitu,
702 2031 770 2108 satis
786 2034 1002 2111 fitiucerttrtu.
1061 2039 1250 2113 Aliusetiaur

331 2138 451 2236 adjicit,
468 2139 652 2214 docendum
671 2137 842 2239 populum,
857 2167 924 2214 non
934 2137 1148 2241 sequendum.
1196 2143 1250 2238 Igi-
1311 2193 1312 2198 η

329 2249 386 2316 'tur
406 2241 547 2316 admiliis
560 2244 598 2314 ab
619 2241 698 2316 urbe
719 2245 916 2332 oratoribus,
937 2271 1040 2343 quum
1053 2250 1151 2344 Regis
1169 2240 1248 2341 pedi·

108 2362 189 2440 Leges
209 2350 324 2418 deditio?
334 2347 391 2420 bus
403 2347 551 2448 prollr'ati
565 2353 712 2441 jacerent,
738 2347 791 2417 has
808 2345 890 2446 leges
905 2343 1075 2420 deditionis
1091 2352 1248 2445 accipiunt,

106 2443 156 2484 ¹¹¹⁸·
333 2469 369 2524 ut
384 2451 586 2520 simulacrum
608 2445 694 2538 foras
712 2445 894 2549 producant
917 2448 1138 2535 exurendum,
1162 2450 1244 2544 capti-

256 2537 265 2554 *
332 2577 389 2623 vos
405 2551 599 2624 Christianos
613 2547 679 2622 line
700 2547 766 2619 ullo
782 2546 1008 2651 redemptionis
1031 2547 1197 2653 impendio
1207 2547 1245 2617 la·

329 2671 425 2750 trent,
450 2654 637 2754 religionem
659 2647 775 2723 Christi
797 2678 835 2724 ex
851 2647 974 2726 Danico
998 2661 1061 2726 ritu
1084 2649 1243 2752 accipiant,

210 2824 214 2833 t
251 2765 258 2772 ’
328 2753 483 2858 stipendia
504 2755 665 2827 sacrorum
685 2754 782 2854 (imo
801 2751 1067 2856 sacrilegiorum)
1082 2749 1243 2829 sacerdoti·

264 2855 278 2866 ‘⁸
330 2861 388 2931 bus
402 2858 519 2930 Clarilli
541 2853 745 2956 impendant,
764 2864 888 2957 quoties
904 2882 1098 2948 evocantur,
1124 2860 1240 2930 Danica

206 3017 210 3032 t
300 3031 302 3033 ,
322 2946 520 3062 ¹expeditioni
535 2966 668 3032 comites
681 2956 858 3050 accedant,
883 2987 920 3033 ex
936 2959 1068 3062 lingulis
1087 2963 1184 3033 boum
1197 2963 1238 3049 ju·

322 3073 376 3168 'gis
391 3091 511 3151 annua,
537 3060 739 3162 quadraginta
765 3069 997 3136 numismatum
1020 3061 1174 3164 pendant,
1194 3076 1236 3128 to·
1311 3113 1312 3156 p

320 3167 487 3269 tidemque
502 3163 934 3266 obfidesRegiernittant&c.
986 3171 1065 3239 Ona
1079 3169 1155 3260 luce,
1168 3185 1236 3264 pro
1311 3183 1312 3240 i

100 3283 201 3364 idolum
224 3289 308 3342 zvar·
319 3295 409 3347 ceres
423 3277 520 3373 primi
529 3271 687 3343 Esbernus
701 3272 839 3341 &Zuno
858 3267 985 3370 ingreffi
1009 3272 1132 3354 urbem,
1148 3266 1234 3337 stmu-
1311 3271 1312 3288 ³

98 3362 169 3406 Μ
182 3355 306 3412 ‘mlum‘
318 3377 443 3448 lacrum
461 3395 601 3446 evertere
616 3371 770 3466 jubentur.
828 3371 1054 3443 Circumllabat
1077 3367 1232 3468 expertar-
1311 3427 1312 3458 3

316 3485 488 3562 riseritunr
501 3475 611 3577 populi
621 3470 712 3565 densa
727 3499 857 3562 corona,
873 3476 1022 3560 arbitrati,
1033 3474 1230 3547 violationem

315 3576 366 3650 ¹sui
385 3589 524 3652 utuninis
546 3605 615 3651 uon
634 3584 767 3676 impune
784 3581 881 3649 Danis
902 3573 1065 3649 cellutam.
1116 3564 1230 3644 Famuli

314 3678 406 3753 ferro
421 3675 607 3752 exscindere·
620 3676 770 3780 aggressi,
796 3699 981 3780 monentur,
995 3675 1163 3778 prudenter
1175 3675 1228 3739 cir·
1311 3687 1312 3772 J

306 3781 526 3880 cumspicere,
552 3809 592 3852 ne
610 3778 790 3854 'ieiunando
811 3780 886 3880 quid
909 3791 1033 3882 capiant
1056 3772 1227 3853 detrimenti
1311 3797 1312 3856 t

223 3943 225 3947 v
315 3877 520 3970 aclutacio,
548 3880 641 3982 quod
661 3883 779 3982 incolas
800 3886 862 3957 Dei
884 3878 929 3966 sui
948 3876 1128 3972 viribus,li
1155 3875 1226 4048 agel·
1311 3871 1312 3928 3

317 4011 320 4018 ’
1003 4017 1005 4020 ·
1188 3991 1224 4060 ai,
