<?xml version="1.0" encoding="UTF-8"?>
<!DOCTYPE html PUBLIC "-//W3C//DTD XHTML 1.0 Transitional//EN"
    "http://www.w3.org/TR/xhtml1/DTD/xhtml1-transitional.dtd">
<html xmlns="http://www.w3.org/1999/xhtml" xml:lang="en" lang="en">
 <head>
  <title>
</title>
<meta http-equiv="Content-Type" content="text/html;charset=utf-8" />
  <meta name='ocr-system' content='tesseract 3.04.00' />
  <meta name='ocr-capabilities' content='ocr_page ocr_carea ocr_par ocr_line ocrx_word'/>
</head>
<body>
  <div class='ocr_page' id='page_1' title='image "./gestaetvestigad00pontgoog/gestaetvestigad00pontgoog_0143.png"; bbox 0 0 2666 4430; ppageno 0'>
   <div class='ocr_carea' id='block_1_1' title="bbox 327 261 1224 388">
    <p class='ocr_par' dir='ltr' id='par_1_1' title="bbox 327 261 1224 388">
     <span class='ocr_line' id='line_1_1' title="bbox 327 261 1224 388; baseline 0.001 -34"><span class='ocrx_word' id='word_1_1' title='bbox 327 296 391 388; x_wconf 68' lang='lat'>¹³81</span> <span class='ocrx_word' id='word_1_2' title='bbox 518 279 688 352; x_wconf 80' lang='lat' dir='ltr'>naara</span> <span class='ocrx_word' id='word_1_3' title='bbox 714 278 1069 355; x_wconf 78' lang='lat' dir='ltr'>nrvrsrrora</span> <span class='ocrx_word' id='word_1_4' title='bbox 1163 285 1179 318; x_wconf 54' lang='grc' dir='ltr'>ν</span> <span class='ocrx_word' id='word_1_5' title='bbox 1221 261 1224 268; x_wconf 89' lang='grc'><strong>’</strong></span> 
     </span>
    </p>
   </div>
   <div class='ocr_carea' id='block_1_2' title="bbox 53 455 1331 4043">
    <p class='ocr_par' dir='ltr' id='par_1_2' title="bbox 325 455 1248 558">
     <span class='ocr_line' id='line_1_2' title="bbox 325 455 1248 558; baseline -0.001 -25"><span class='ocrx_word' id='word_1_6' title='bbox 325 456 355 534; x_wconf 86' lang='lat' dir='ltr'>sa</span> <span class='ocrx_word' id='word_1_7' title='bbox 370 461 546 558; x_wconf 79' lang='lat' dir='ltr'>navigatio,</span> <span class='ocrx_word' id='word_1_8' title='bbox 585 461 627 528; x_wconf 73' lang='lat' dir='ltr'>At</span> <span class='ocrx_word' id='word_1_9' title='bbox 641 457 693 530; x_wconf 92' lang='lat' dir='ltr'>ubi</span> <span class='ocrx_word' id='word_1_10' title='bbox 708 455 818 530; x_wconf 63' lang='lat' dir='ltr'>reliCln</span> <span class='ocrx_word' id='word_1_11' title='bbox 835 482 853 526; x_wconf 88' lang='lat' dir='ltr'>a</span> <span class='ocrx_word' id='word_1_12' title='bbox 867 477 958 557; x_wconf 86' lang='lat' dir='ltr'>tergo</span> <span class='ocrx_word' id='word_1_13' title='bbox 973 458 1088 545; x_wconf 90' lang='lat' dir='ltr'>littore,</span> <span class='ocrx_word' id='word_1_14' title='bbox 1096 483 1184 530; x_wconf 87' lang='lat' dir='ltr'>mare</span> <span class='ocrx_word' id='word_1_15' title='bbox 1196 462 1248 532; x_wconf 53' lang='lat' dir='ltr'>ine</span> 
     </span>
    </p>

    <p class='ocr_par' dir='ltr' id='par_1_3' title="bbox 96 558 1249 760">
     <span class='ocr_line' id='line_1_3' title="bbox 96 558 1248 658; baseline -0.004 -20"><span class='ocrx_word' id='word_1_16' title='bbox 96 582 278 656; x_wconf 76' lang='lat' dir='ltr'>Naufragium.</span> <span class='ocrx_word' id='word_1_17' title='bbox 326 558 444 632; x_wconf 80' lang='lat' dir='ltr'>uadunt</span> <span class='ocrx_word' id='word_1_18' title='bbox 456 576 613 658; x_wconf 86' lang='lat' dir='ltr'>apertam,</span> <span class='ocrx_word' id='word_1_19' title='bbox 628 561 669 632; x_wconf 91' lang='lat' dir='ltr'>ibi</span> <span class='ocrx_word' id='word_1_20' title='bbox 686 586 763 632; x_wconf 88' lang='lat' dir='ltr'>vero</span> <span class='ocrx_word' id='word_1_21' title='bbox 779 578 883 638; x_wconf 82' lang='lat' dir='ltr'>exerta</span> <span class='ocrx_word' id='word_1_22' title='bbox 895 569 943 633; x_wconf 78' lang='lat' dir='ltr'>ais</span> <span class='ocrx_word' id='word_1_23' title='bbox 957 559 1154 658; x_wconf 84' lang='lat' dir='ltr'>tempestatis,</span> <span class='ocrx_word' id='word_1_24' title='bbox 1162 561 1248 633; x_wconf 91' lang='lat' dir='ltr'>mul·</span> 
     </span>
     <span class='ocr_line' id='line_1_4' title="bbox 302 647 1249 760; baseline 0 -24"><span class='ocrx_word' id='word_1_25' title='bbox 302 647 309 678; x_wconf 68' lang='lat'><strong><em>‘</em></strong></span> <span class='ocrx_word' id='word_1_26' title='bbox 325 683 430 736; x_wconf 84' lang='lat' dir='ltr'>tarum</span> <span class='ocrx_word' id='word_1_27' title='bbox 445 662 537 734; x_wconf 85' lang='lat' dir='ltr'>latera</span> <span class='ocrx_word' id='word_1_28' title='bbox 554 668 682 734; x_wconf 86' lang='lat' dir='ltr'>navium</span> <span class='ocrx_word' id='word_1_29' title='bbox 696 655 828 760; x_wconf 73' lang='lat' dir='ltr'>qtrassata</span> <span class='ocrx_word' id='word_1_30' title='bbox 844 662 969 736; x_wconf 85' lang='lat' dir='ltr'>laxatur.</span> <span class='ocrx_word' id='word_1_31' title='bbox 1019 667 1087 736; x_wconf 88' lang='lat' dir='ltr'>Rex</span> <span class='ocrx_word' id='word_1_32' title='bbox 1097 689 1165 734; x_wconf 91' lang='lat' dir='ltr'>nou</span> <span class='ocrx_word' id='word_1_33' title='bbox 1179 661 1249 736; x_wconf 83' lang='lat' dir='ltr'>line</span> 
     </span>
    </p>

    <p class='ocr_par' dir='ltr' id='par_1_4' title="bbox 325 759 1248 864">
     <span class='ocr_line' id='line_1_5' title="bbox 325 759 1248 864; baseline 0.002 -26"><span class='ocrx_word' id='word_1_34' title='bbox 325 763 469 864; x_wconf 83' lang='lat' dir='ltr'>periculo</span> <span class='ocrx_word' id='word_1_35' title='bbox 482 759 661 864; x_wconf 85' lang='lat' dir='ltr'>praetoriam</span> <span class='ocrx_word' id='word_1_36' title='bbox 671 759 831 849; x_wconf 79' lang='lat' dir='ltr'>deserens,</span> <span class='ocrx_word' id='word_1_37' title='bbox 846 773 879 836; x_wconf 89' lang='lat' dir='ltr'>in</span> <span class='ocrx_word' id='word_1_38' title='bbox 894 765 987 836; x_wconf 83' lang='lat' dir='ltr'>aliam</span> <span class='ocrx_word' id='word_1_39' title='bbox 1009 791 1084 840; x_wconf 85' lang='lat' dir='ltr'>cunt</span> <span class='ocrx_word' id='word_1_40' title='bbox 1105 763 1199 864; x_wconf 88' lang='lat' dir='ltr'>fignis</span> <span class='ocrx_word' id='word_1_41' title='bbox 1208 761 1248 840; x_wconf 89' lang='lat' dir='ltr'>-se</span> 
     </span>
    </p>

    <p class='ocr_par' dir='ltr' id='par_1_5' title="bbox 324 861 1248 966">
     <span class='ocr_line' id='line_1_6' title="bbox 324 861 1248 966; baseline 0.002 -30"><span class='ocrx_word' id='word_1_42' title='bbox 324 863 479 938; x_wconf 73' lang='lat' dir='ltr'>transfert.</span> <span class='ocrx_word' id='word_1_43' title='bbox 530 868 640 958; x_wconf 84' lang='lat' dir='ltr'>Major</span> <span class='ocrx_word' id='word_1_44' title='bbox 659 893 728 966; x_wconf 86' lang='lat' dir='ltr'>pars</span> <span class='ocrx_word' id='word_1_45' title='bbox 744 893 778 940; x_wconf 77' lang='lat' dir='ltr'>aa</span> <span class='ocrx_word' id='word_1_46' title='bbox 792 864 971 940; x_wconf 85' lang='lat' dir='ltr'>difficultate</span> <span class='ocrx_word' id='word_1_47' title='bbox 984 861 1148 954; x_wconf 83' lang='lat' dir='ltr'>concuffa,</span> <span class='ocrx_word' id='word_1_48' title='bbox 1168 894 1248 966; x_wconf 88' lang='lat' dir='ltr'>pan-</span> 
     </span>
    </p>

    <p class='ocr_par' dir='ltr' id='par_1_6' title="bbox 325 964 1249 1070">
     <span class='ocr_line' id='line_1_7' title="bbox 325 964 1249 1070; baseline 0 -28"><span class='ocrx_word' id='word_1_49' title='bbox 325 966 372 1042; x_wconf 85' lang='lat' dir='ltr'>dit</span> <span class='ocrx_word' id='word_1_50' title='bbox 386 969 467 1054; x_wconf 84' lang='lat' dir='ltr'>vela,</span> <span class='ocrx_word' id='word_1_51' title='bbox 481 995 515 1040; x_wconf 88' lang='lat' dir='ltr'>ac</span> <span class='ocrx_word' id='word_1_52' title='bbox 531 989 617 1040; x_wconf 87' lang='lat' dir='ltr'>retro</span> <span class='ocrx_word' id='word_1_53' title='bbox 633 964 759 1042; x_wconf 88' lang='lat' dir='ltr'>cursum</span> <span class='ocrx_word' id='word_1_54' title='bbox 774 967 863 1067; x_wconf 86' lang='lat' dir='ltr'>legit:</span> <span class='ocrx_word' id='word_1_55' title='bbox 889 997 1009 1070; x_wconf 89' lang='lat' dir='ltr'>magno</span> <span class='ocrx_word' id='word_1_56' title='bbox 1022 975 1145 1070; x_wconf 88' lang='lat' dir='ltr'>remigii</span> <span class='ocrx_word' id='word_1_57' title='bbox 1157 970 1249 1042; x_wconf 89' lang='lat' dir='ltr'>labo·</span> 
     </span>
    </p>

    <p class='ocr_par' dir='ltr' id='par_1_7' title="bbox 326 1069 1249 1170">
     <span class='ocr_line' id='line_1_8' title="bbox 326 1069 1249 1170; baseline 0.005 -28"><span class='ocrx_word' id='word_1_58' title='bbox 326 1097 376 1156; x_wconf 91' lang='lat' dir='ltr'>re,</span> <span class='ocrx_word' id='word_1_59' title='bbox 409 1079 528 1164; x_wconf 72' lang='lat' dir='ltr'>maiore</span> <span class='ocrx_word' id='word_1_60' title='bbox 549 1078 696 1152; x_wconf 77' lang='lat' dir='ltr'>ninnium</span> <span class='ocrx_word' id='word_1_61' title='bbox 712 1072 852 1170; x_wconf 89' lang='lat' dir='ltr'>periculo</span> <span class='ocrx_word' id='word_1_62' title='bbox 873 1069 929 1144; x_wconf 83' lang='lat' dir='ltr'>sub</span> <span class='ocrx_word' id='word_1_63' title='bbox 949 1071 1102 1145; x_wconf 90' lang='lat' dir='ltr'>hollicam</span> <span class='ocrx_word' id='word_1_64' title='bbox 1126 1083 1249 1147; x_wconf 86' lang='lat' dir='ltr'>terram</span> 
     </span>
    </p>

    <p class='ocr_par' dir='ltr' id='par_1_8' title="bbox 93 1167 1249 1479">
     <span class='ocr_line' id='line_1_9' title="bbox 95 1167 1249 1274; baseline -0.002 -30"><span class='ocrx_word' id='word_1_65' title='bbox 95 1187 306 1265; x_wconf 30' lang='lat' dir='ltr'>a&#39;oonav&#39;esoa·</span> <span class='ocrx_word' id='word_1_66' title='bbox 326 1180 525 1274; x_wconf 83' lang='lat' dir='ltr'>perveniunt.</span> <span class='ocrx_word' id='word_1_67' title='bbox 572 1178 737 1272; x_wconf 75' lang='lat' dir='ltr'>Sexaginta</span> <span class='ocrx_word' id='word_1_68' title='bbox 753 1179 804 1246; x_wconf 85' lang='lat' dir='ltr'>uix</span> <span class='ocrx_word' id='word_1_69' title='bbox 815 1199 906 1248; x_wconf 85' lang='lat' dir='ltr'>naues</span> <span class='ocrx_word' id='word_1_70' title='bbox 921 1202 960 1247; x_wconf 88' lang='lat' dir='ltr'>ex</span> <span class='ocrx_word' id='word_1_71' title='bbox 979 1184 1072 1248; x_wconf 90' lang='lat' dir='ltr'>omni</span> <span class='ocrx_word' id='word_1_72' title='bbox 1086 1167 1174 1248; x_wconf 79' lang='lat' dir='ltr'>classe</span> <span class='ocrx_word' id='word_1_73' title='bbox 1192 1201 1249 1246; x_wconf 85' lang='lat' dir='ltr'>re.</span> 
     </span>
     <span class='ocr_line' id='line_1_10' title="bbox 93 1270 1246 1376; baseline 0 -26"><span class='ocrx_word' id='word_1_74' title='bbox 93 1271 152 1314; x_wconf 72' lang='lat'>&#39;&#39;⁰&#39;&#39;</span> <span class='ocrx_word' id='word_1_75' title='bbox 165 1270 306 1327; x_wconf 69' lang='lat' dir='ltr'>perurunt.</span> <span class='ocrx_word' id='word_1_76' title='bbox 324 1273 517 1352; x_wconf 77' lang='lat' dir='ltr'>inusserunt.</span> <span class='ocrx_word' id='word_1_77' title='bbox 568 1281 684 1350; x_wconf 85' lang='lat' dir='ltr'>Pecora</span> <span class='ocrx_word' id='word_1_78' title='bbox 703 1301 759 1376; x_wconf 89' lang='lat' dir='ltr'>per</span> <span class='ocrx_word' id='word_1_79' title='bbox 781 1303 911 1376; x_wconf 88' lang='lat' dir='ltr'>campos</span> <span class='ocrx_word' id='word_1_80' title='bbox 938 1277 1083 1351; x_wconf 86' lang='lat' dir='ltr'>littorum</span> <span class='ocrx_word' id='word_1_81' title='bbox 1104 1284 1246 1350; x_wconf 87' lang='lat' dir='ltr'>innocua</span> 
     </span>
     <span class='ocr_line' id='line_1_11' title="bbox 324 1375 1248 1479; baseline -0.002 -25"><span class='ocrx_word' id='word_1_82' title='bbox 324 1386 557 1478; x_wconf 82' lang='lat' dir='ltr'>incompertam</span> <span class='ocrx_word' id='word_1_83' title='bbox 594 1405 709 1452; x_wconf 88' lang='lat' dir='ltr'>corum</span> <span class='ocrx_word' id='word_1_84' title='bbox 747 1376 1024 1479; x_wconf 86' lang='lat' dir='ltr'>adnavigationem</span> <span class='ocrx_word' id='word_1_85' title='bbox 1054 1375 1248 1479; x_wconf 75' lang='lat' dir='ltr'>prodebant.</span> 
     </span>
    </p>

    <p class='ocr_par' dir='ltr' id='par_1_9' title="bbox 323 1475 1248 1583">
     <span class='ocr_line' id='line_1_12' title="bbox 323 1475 1248 1583; baseline -0.003 -28"><span class='ocrx_word' id='word_1_86' title='bbox 323 1485 390 1556; x_wconf 84' lang='lat' dir='ltr'>Rex</span> <span class='ocrx_word' id='word_1_87' title='bbox 404 1488 437 1554; x_wconf 89' lang='lat' dir='ltr'>in</span> <span class='ocrx_word' id='word_1_88' title='bbox 453 1503 569 1554; x_wconf 87' lang='lat' dir='ltr'>terram</span> <span class='ocrx_word' id='word_1_89' title='bbox 586 1475 730 1583; x_wconf 84' lang='lat' dir='ltr'>egrellus,</span> <span class='ocrx_word' id='word_1_90' title='bbox 747 1483 931 1556; x_wconf 85' lang='lat' dir='ltr'>Concilium</span> <span class='ocrx_word' id='word_1_91' title='bbox 947 1481 1093 1569; x_wconf 88' lang='lat' dir='ltr'>advocat,</span> <span class='ocrx_word' id='word_1_92' title='bbox 1110 1508 1175 1582; x_wconf 90' lang='lat' dir='ltr'>qno</span> <span class='ocrx_word' id='word_1_93' title='bbox 1190 1508 1248 1553; x_wconf 88' lang='lat' dir='ltr'>or-</span> 
     </span>
    </p>

    <p class='ocr_par' dir='ltr' id='par_1_10' title="bbox 323 1579 1247 1685">
     <span class='ocr_line' id='line_1_13' title="bbox 323 1579 1247 1685; baseline 0.002 -29"><span class='ocrx_word' id='word_1_94' title='bbox 323 1585 399 1661; x_wconf 86' lang='lat' dir='ltr'>dine</span> <span class='ocrx_word' id='word_1_95' title='bbox 415 1607 463 1658; x_wconf 90' lang='lat' dir='ltr'>res</span> <span class='ocrx_word' id='word_1_96' title='bbox 477 1603 642 1684; x_wconf 85' lang='lat' dir='ltr'>gerantur,</span> <span class='ocrx_word' id='word_1_97' title='bbox 665 1581 808 1674; x_wconf 83' lang='lat' dir='ltr'>intendit.</span> <span class='ocrx_word' id='word_1_98' title='bbox 885 1591 1003 1672; x_wconf 83' lang='lat' dir='ltr'>Erant,</span> <span class='ocrx_word' id='word_1_99' title='bbox 1024 1589 1078 1684; x_wconf 89' lang='lat' dir='ltr'>qui</span> <span class='ocrx_word' id='word_1_100' title='bbox 1091 1579 1247 1685; x_wconf 83' lang='lat' dir='ltr'>perpensa</span> 
     </span>
    </p>

    <p class='ocr_par' dir='ltr' id='par_1_11' title="bbox 172 1685 1248 1786">
     <span class='ocr_line' id='line_1_14' title="bbox 172 1685 1248 1786; baseline -0.002 -25"><span class='ocrx_word' id='word_1_101' title='bbox 172 1705 176 1712; x_wconf 87' lang='lat'>&#39;</span> <span class='ocrx_word' id='word_1_102' title='bbox 224 1743 227 1752; x_wconf 53' lang='grc'>,</span> <span class='ocrx_word' id='word_1_103' title='bbox 323 1685 436 1786; x_wconf 85' lang='lat' dir='ltr'>inligni</span> <span class='ocrx_word' id='word_1_104' title='bbox 450 1692 613 1783; x_wconf 82' lang='lat' dir='ltr'>paucitate,</span> <span class='ocrx_word' id='word_1_105' title='bbox 628 1704 714 1759; x_wconf 89' lang='lat' dir='ltr'>retro</span> <span class='ocrx_word' id='word_1_106' title='bbox 729 1685 899 1786; x_wconf 90' lang='lat' dir='ltr'>legendnm</span> <span class='ocrx_word' id='word_1_107' title='bbox 915 1695 974 1760; x_wconf 90' lang='lat' dir='ltr'>iter</span> <span class='ocrx_word' id='word_1_108' title='bbox 992 1686 1165 1761; x_wconf 84' lang='lat' dir='ltr'>astruerent</span> <span class='ocrx_word' id='word_1_109' title='bbox 1181 1693 1248 1760; x_wconf 74' lang='lat' dir='ltr'>&amp;n</span> 
     </span>
    </p>

    <p class='ocr_par' dir='ltr' id='par_1_12' title="bbox 321 1783 1246 1890">
     <span class='ocr_line' id='line_1_15' title="bbox 321 1783 1246 1890; baseline -0.002 -26"><span class='ocrx_word' id='word_1_110' title='bbox 321 1789 385 1864; x_wconf 76' lang='lat' dir='ltr'>Alii</span> <span class='ocrx_word' id='word_1_111' title='bbox 400 1787 543 1860; x_wconf 84' lang='lat' dir='ltr'>vallanda</span> <span class='ocrx_word' id='word_1_112' title='bbox 559 1790 680 1880; x_wconf 83' lang='lat' dir='ltr'>littora,</span> <span class='ocrx_word' id='word_1_113' title='bbox 700 1785 840 1887; x_wconf 80' lang='lat' dir='ltr'>praedam</span> <span class='ocrx_word' id='word_1_114' title='bbox 861 1788 1018 1890; x_wconf 86' lang='lat' dir='ltr'>agendam</span> <span class='ocrx_word' id='word_1_115' title='bbox 1042 1783 1246 1862; x_wconf 86' lang='lat' dir='ltr'>commemo·</span> 
     </span>
    </p>

    <p class='ocr_par' dir='ltr' id='par_1_13' title="bbox 321 1887 1246 1992">
     <span class='ocr_line' id='line_1_16' title="bbox 321 1887 1246 1992; baseline 0.001 -28"><span class='ocrx_word' id='word_1_116' title='bbox 321 1893 440 1972; x_wconf 83' lang='lat' dir='ltr'>rabant.</span> <span class='ocrx_word' id='word_1_117' title='bbox 506 1895 584 1990; x_wconf 86' lang='lat' dir='ltr'>Regi</span> <span class='ocrx_word' id='word_1_118' title='bbox 598 1913 706 1962; x_wconf 88' lang='lat' dir='ltr'>neutra</span> <span class='ocrx_word' id='word_1_119' title='bbox 720 1891 833 1990; x_wconf 85' lang='lat' dir='ltr'>placuit</span> <span class='ocrx_word' id='word_1_120' title='bbox 848 1887 1017 1980; x_wconf 86' lang='lat' dir='ltr'>sententia,</span> <span class='ocrx_word' id='word_1_121' title='bbox 1036 1898 1156 1965; x_wconf 84' lang='lat' dir='ltr'>crimen</span> <span class='ocrx_word' id='word_1_122' title='bbox 1172 1891 1246 1992; x_wconf 87' lang='lat' dir='ltr'>glo·</span> 
     </span>
    </p>

    <p class='ocr_par' dir='ltr' id='par_1_14' title="bbox 324 1987 1246 2094">
     <span class='ocr_line' id='line_1_17' title="bbox 324 1987 1246 2094; baseline 0.004 -28"><span class='ocrx_word' id='word_1_123' title='bbox 324 1999 376 2066; x_wconf 84' lang='lat' dir='ltr'>riae</span> <span class='ocrx_word' id='word_1_124' title='bbox 390 1989 452 2069; x_wconf 84' lang='lat' dir='ltr'>sure</span> <span class='ocrx_word' id='word_1_125' title='bbox 465 1989 589 2093; x_wconf 82' lang='lat' dir='ltr'>semper</span> <span class='ocrx_word' id='word_1_126' title='bbox 602 1987 789 2082; x_wconf 84' lang='lat' dir='ltr'>affuturum,</span> <span class='ocrx_word' id='word_1_127' title='bbox 798 2011 833 2068; x_wconf 87' lang='lat' dir='ltr'>ut</span> <span class='ocrx_word' id='word_1_128' title='bbox 849 1993 970 2068; x_wconf 88' lang='lat' dir='ltr'>cederet</span> <span class='ocrx_word' id='word_1_129' title='bbox 983 1993 1139 2068; x_wconf 86' lang='lat' dir='ltr'>hostibus:</span> <span class='ocrx_word' id='word_1_130' title='bbox 1153 1992 1246 2094; x_wconf 85' lang='lat' dir='ltr'>qnod</span> 
     </span>
    </p>

    <p class='ocr_par' dir='ltr' id='par_1_15' title="bbox 86 2093 1248 2402">
     <span class='ocr_line' id='line_1_18' title="bbox 86 2093 1246 2198; baseline 0.004 -32"><span class='ocrx_word' id='word_1_131' title='bbox 86 2111 205 2192; x_wconf 50' lang='lat' dir='ltr'>,Dauom</span> <span class='ocrx_word' id='word_1_132' title='bbox 221 2109 310 2180; x_wconf 75' lang='lat' dir='ltr'>Reges</span> <span class='ocrx_word' id='word_1_133' title='bbox 325 2095 409 2170; x_wconf 86' lang='lat' dir='ltr'>nulla</span> <span class='ocrx_word' id='word_1_134' title='bbox 429 2113 571 2196; x_wconf 84' lang='lat' dir='ltr'>unquam</span> <span class='ocrx_word' id='word_1_135' title='bbox 591 2102 748 2168; x_wconf 89' lang='lat' dir='ltr'>memoria</span> <span class='ocrx_word' id='word_1_136' title='bbox 768 2093 969 2198; x_wconf 67' lang='lat' dir='ltr'>prodidill‘et‚</span> <span class='ocrx_word' id='word_1_137' title='bbox 993 2101 1160 2170; x_wconf 88' lang='lat' dir='ltr'>Danorutn</span> <span class='ocrx_word' id='word_1_138' title='bbox 1183 2101 1246 2172; x_wconf 79' lang='lat' dir='ltr'>Re-</span> 
     </span>
     <span class='ocr_line' id='line_1_19' title="bbox 93 2175 1247 2320; baseline 0.002 -48"><span class='ocrx_word' id='word_1_139' title='bbox 93 2175 310 2320; x_wconf 48' lang='grc' dir='ltr'>ἕζὲξζῐζῗῑεζᾚ,</span> <span class='ocrx_word' id='word_1_140' title='bbox 327 2226 403 2300; x_wconf 87' lang='lat' dir='ltr'>gem</span> <span class='ocrx_word' id='word_1_141' title='bbox 424 2219 513 2300; x_wconf 88' lang='lat' dir='ltr'>terga</span> <span class='ocrx_word' id='word_1_142' title='bbox 541 2195 709 2272; x_wconf 84' lang='lat' dir='ltr'>Wandali&#39;s</span> <span class='ocrx_word' id='word_1_143' title='bbox 728 2196 902 2274; x_wconf 86' lang='lat' dir='ltr'>ossendille.</span> <span class='ocrx_word' id='word_1_144' title='bbox 961 2205 1068 2300; x_wconf 87' lang='lat' dir='ltr'>ltaque</span> <span class='ocrx_word' id='word_1_145' title='bbox 1089 2199 1247 2298; x_wconf 84' lang='lat' dir='ltr'>explicato</span> 
     </span>
     <span class='ocr_line' id='line_1_20' title="bbox 324 2297 1248 2402; baseline -0.006 -24"><span class='ocrx_word' id='word_1_146' title='bbox 324 2308 464 2402; x_wconf 85' lang='lat' dir='ltr'>agmine,</span> <span class='ocrx_word' id='word_1_147' title='bbox 478 2309 596 2402; x_wconf 83' lang='lat' dir='ltr'>equites</span> <span class='ocrx_word' id='word_1_148' title='bbox 612 2299 788 2402; x_wconf 78' lang='lat' dir='ltr'>peditesque</span> <span class='ocrx_word' id='word_1_149' title='bbox 797 2309 914 2376; x_wconf 86' lang='lat' dir='ltr'>armari</span> <span class='ocrx_word' id='word_1_150' title='bbox 926 2303 1028 2397; x_wconf 85' lang='lat' dir='ltr'>jubet,</span> <span class='ocrx_word' id='word_1_151' title='bbox 1043 2297 1186 2376; x_wconf 83' lang='lat' dir='ltr'>custodes</span> <span class='ocrx_word' id='word_1_152' title='bbox 1201 2321 1248 2376; x_wconf 89' lang='lat' dir='ltr'>et-</span> 
     </span>
    </p>

    <p class='ocr_par' dir='ltr' id='par_1_16' title="bbox 220 2398 1331 2504">
     <span class='ocr_line' id='line_1_21' title="bbox 220 2398 1331 2504; baseline -0.002 -26"><span class='ocrx_word' id='word_1_153' title='bbox 220 2419 223 2426; x_wconf 73' lang='grc'>“</span> <span class='ocrx_word' id='word_1_154' title='bbox 322 2411 390 2478; x_wconf 84' lang='lat' dir='ltr'>iarn</span> <span class='ocrx_word' id='word_1_155' title='bbox 406 2411 536 2479; x_wconf 86' lang='lat' dir='ltr'>navium</span> <span class='ocrx_word' id='word_1_156' title='bbox 549 2408 698 2478; x_wconf 85' lang='lat' dir='ltr'>cohortes</span> <span class='ocrx_word' id='word_1_157' title='bbox 712 2402 840 2503; x_wconf 89' lang='lat' dir='ltr'>deputat</span> <span class='ocrx_word' id='word_1_158' title='bbox 860 2398 916 2480; x_wconf 84' lang='lat' dir='ltr'>sub</span> <span class='ocrx_word' id='word_1_159' title='bbox 948 2401 1107 2504; x_wconf 71' lang='lat' dir='ltr'>praefecto.</span> <span class='ocrx_word' id='word_1_160' title='bbox 1158 2408 1247 2476; x_wconf 88' lang='lat' dir='ltr'>Vici·</span> <span class='ocrx_word' id='word_1_161' title='bbox 1330 2419 1331 2424; x_wconf 77' lang='grc'>’</span> 
     </span>
    </p>

    <p class='ocr_par' dir='ltr' id='par_1_17' title="bbox 314 2501 1247 2604">
     <span class='ocr_line' id='line_1_22' title="bbox 314 2501 1247 2604; baseline 0.002 -30"><span class='ocrx_word' id='word_1_162' title='bbox 314 2531 378 2578; x_wconf 80' lang='lat' dir='ltr'>nas</span> <span class='ocrx_word' id='word_1_163' title='bbox 397 2509 507 2602; x_wconf 82' lang='lat' dir='ltr'>Rngiae</span> <span class='ocrx_word' id='word_1_164' title='bbox 521 2501 631 2579; x_wconf 87' lang='lat' dir='ltr'>insulas</span> <span class='ocrx_word' id='word_1_165' title='bbox 647 2524 712 2582; x_wconf 78' lang='lat' dir='ltr'>tarn</span> <span class='ocrx_word' id='word_1_166' title='bbox 727 2502 885 2604; x_wconf 89' lang='lat' dir='ltr'>insperato</span> <span class='ocrx_word' id='word_1_167' title='bbox 906 2504 1040 2593; x_wconf 85' lang='lat' dir='ltr'>inuadit,</span> <span class='ocrx_word' id='word_1_168' title='bbox 1071 2527 1107 2578; x_wconf 90' lang='lat' dir='ltr'>ut</span> <span class='ocrx_word' id='word_1_169' title='bbox 1120 2507 1247 2595; x_wconf 79' lang='lat' dir='ltr'>incolae,</span> 
     </span>
    </p>

    <p class='ocr_par' dir='ltr' id='par_1_18' title="bbox 92 2604 1248 2914">
     <span class='ocr_line' id='line_1_23' title="bbox 92 2604 1246 2724; baseline 0.002 -46"><span class='ocrx_word' id='word_1_170' title='bbox 92 2673 141 2724; x_wconf 59' lang='lat' dir='ltr'>mo</span> <span class='ocrx_word' id='word_1_171' title='bbox 160 2667 218 2722; x_wconf 76' lang='lat' dir='ltr'>inus</span> <span class='ocrx_word' id='word_1_172' title='bbox 238 2669 279 2723; x_wconf 77' lang='lat' dir='ltr'>na</span> <span class='ocrx_word' id='word_1_173' title='bbox 314 2605 489 2708; x_wconf 76' lang='lat' dir='ltr'>produclis</span> <span class='ocrx_word' id='word_1_174' title='bbox 502 2604 542 2679; x_wconf 88' lang='lat' dir='ltr'>de</span> <span class='ocrx_word' id='word_1_175' title='bbox 559 2604 692 2682; x_wconf 86' lang='lat' dir='ltr'>fenellra</span> <span class='ocrx_word' id='word_1_176' title='bbox 705 2608 872 2708; x_wconf 85' lang='lat' dir='ltr'>capitibus,</span> <span class='ocrx_word' id='word_1_177' title='bbox 885 2608 946 2684; x_wconf 92' lang='lat' dir='ltr'>loci</span> <span class='ocrx_word' id='word_1_178' title='bbox 960 2608 1112 2682; x_wconf 90' lang='lat' dir='ltr'>dominos</span> <span class='ocrx_word' id='word_1_179' title='bbox 1126 2605 1246 2680; x_wconf 86' lang='lat' dir='ltr'>adven·</span> 
     </span>
     <span class='ocr_line' id='line_1_24' title="bbox 92 2684 1247 2816; baseline -0.01 -23"><span class='ocrx_word' id='word_1_180' title='bbox 92 2684 291 2801; x_wconf 58' lang='lat' dir='ltr'>reclamemus]</span> <span class='ocrx_word' id='word_1_181' title='bbox 314 2733 390 2789; x_wconf 78' lang='lat' dir='ltr'>,tare</span> <span class='ocrx_word' id='word_1_182' title='bbox 411 2715 488 2796; x_wconf 87' lang='lat' dir='ltr'>rati,</span> <span class='ocrx_word' id='word_1_183' title='bbox 518 2707 736 2785; x_wconf 82' lang='lat' dir='ltr'>Cafrrnarusne</span> <span class='ocrx_word' id='word_1_184' title='bbox 756 2738 796 2782; x_wconf 88' lang='lat' dir='ltr'>an</span> <span class='ocrx_word' id='word_1_185' title='bbox 820 2711 1002 2816; x_wconf 86' lang='lat' dir='ltr'>Buggislaus</span> <span class='ocrx_word' id='word_1_186' title='bbox 1022 2708 1077 2800; x_wconf 87' lang='lat' dir='ltr'>fit,</span> <span class='ocrx_word' id='word_1_187' title='bbox 1110 2729 1247 2812; x_wconf 85' lang='lat' dir='ltr'>rogent,</span> 
     </span>
     <span class='ocr_line' id='line_1_25' title="bbox 323 2808 1248 2914; baseline 0 -28"><span class='ocrx_word' id='word_1_188' title='bbox 323 2819 377 2914; x_wconf 90' lang='lat' dir='ltr'>qui</span> <span class='ocrx_word' id='word_1_189' title='bbox 394 2819 525 2890; x_wconf 87' lang='lat' dir='ltr'>venerit.</span> <span class='ocrx_word' id='word_1_190' title='bbox 601 2808 663 2886; x_wconf 84' lang='lat' dir='ltr'>Sed</span> <span class='ocrx_word' id='word_1_191' title='bbox 676 2808 764 2886; x_wconf 83' lang='lat' dir='ltr'>miffa</span> <span class='ocrx_word' id='word_1_192' title='bbox 777 2820 812 2888; x_wconf 93' lang='lat' dir='ltr'>in</span> <span class='ocrx_word' id='word_1_193' title='bbox 833 2809 975 2893; x_wconf 84' lang='lat' dir='ltr'>aduersus</span> <span class='ocrx_word' id='word_1_194' title='bbox 997 2814 1056 2886; x_wconf 87' lang='lat' dir='ltr'>tela</span> <span class='ocrx_word' id='word_1_195' title='bbox 1078 2812 1248 2898; x_wconf 50' lang='lat' dir='ltr'>¹declarant</span> 
     </span>
    </p>

    <p class='ocr_par' dir='ltr' id='par_1_19' title="bbox 324 2911 1247 3016">
     <span class='ocr_line' id='line_1_26' title="bbox 324 2911 1247 3016; baseline -0.004 -26"><span class='ocrx_word' id='word_1_196' title='bbox 324 2915 458 2992; x_wconf 82' lang='lat' dir='ltr'>hostem.</span> <span class='ocrx_word' id='word_1_197' title='bbox 509 2921 616 3015; x_wconf 88' lang='lat' dir='ltr'>ltaque</span> <span class='ocrx_word' id='word_1_198' title='bbox 635 2913 774 3016; x_wconf 79' lang='lat' dir='ltr'>praedam</span> <span class='ocrx_word' id='word_1_199' title='bbox 790 2937 917 3016; x_wconf 80' lang='lat' dir='ltr'>agentes</span> <span class='ocrx_word' id='word_1_200' title='bbox 930 2920 1185 3016; x_wconf 81' lang='lat' dir='ltr'>opimamDani,</span> <span class='ocrx_word' id='word_1_201' title='bbox 1203 2911 1247 2986; x_wconf 87' lang='lat' dir='ltr'>ad</span> 
     </span>
    </p>

    <p class='ocr_par' dir='ltr' id='par_1_20' title="bbox 91 3014 1331 3319">
     <span class='ocr_line' id='line_1_27' title="bbox 91 3014 1247 3120; baseline 0.003 -34"><span class='ocrx_word' id='word_1_202' title='bbox 91 3033 207 3104; x_wconf 72' lang='lat' dir='ltr'>ungrani</span> <span class='ocrx_word' id='word_1_203' title='bbox 240 3033 308 3088; x_wconf 47' lang='lat' dir='ltr'>elas-1</span> <span class='ocrx_word' id='word_1_204' title='bbox 324 3047 419 3092; x_wconf 87' lang='lat' dir='ltr'>naves</span> <span class='ocrx_word' id='word_1_205' title='bbox 430 3015 597 3108; x_wconf 87' lang='lat' dir='ltr'>reducunt.</span> <span class='ocrx_word' id='word_1_206' title='bbox 649 3023 773 3094; x_wconf 87' lang='lat' dir='ltr'>Interea</span> <span class='ocrx_word' id='word_1_207' title='bbox 792 3018 895 3096; x_wconf 88' lang='lat' dir='ltr'>hosses</span> <span class='ocrx_word' id='word_1_208' title='bbox 915 3015 1016 3096; x_wconf 75' lang='lat' dir='ltr'>adesse</span> <span class='ocrx_word' id='word_1_209' title='bbox 1028 3023 1153 3120; x_wconf 88' lang='lat' dir='ltr'>Regem</span> <span class='ocrx_word' id='word_1_210' title='bbox 1173 3014 1247 3092; x_wconf 88' lang='lat' dir='ltr'>sen·</span> 
     </span>
     <span class='ocr_line' id='line_1_28' title="bbox 92 3103 1331 3222; baseline -0.003 -26"><span class='ocrx_word' id='word_1_211' title='bbox 92 3103 287 3178; x_wconf 52' lang='lat' dir='ltr'>‘&#39;mmm‘&#39;</span> <span class='ocrx_word' id='word_1_212' title='bbox 323 3129 447 3208; x_wconf 88' lang='lat' dir='ltr'>tientes,</span> <span class='ocrx_word' id='word_1_213' title='bbox 462 3115 583 3198; x_wconf 78' lang='lat' dir='ltr'>classem</span> <span class='ocrx_word' id='word_1_214' title='bbox 600 3140 797 3219; x_wconf 86' lang='lat' dir='ltr'>perarmant,</span> <span class='ocrx_word' id='word_1_215' title='bbox 816 3117 1010 3221; x_wconf 87' lang='lat' dir='ltr'>egreffurum</span> <span class='ocrx_word' id='word_1_216' title='bbox 1027 3127 1246 3220; x_wconf 87' lang='lat' dir='ltr'>intercepturi,</span> <span class='ocrx_word' id='word_1_217' title='bbox 1330 3203 1331 3222; x_wconf 13' lang='grc' dir='ltr'>χ</span> 
     </span>
     <span class='ocr_line' id='line_1_29' title="bbox 323 3219 1331 3319; baseline -0.006 -21"><span class='ocrx_word' id='word_1_218' title='bbox 323 3223 466 3302; x_wconf 83' lang='lat' dir='ltr'>viderant</span> <span class='ocrx_word' id='word_1_219' title='bbox 483 3230 569 3296; x_wconf 88' lang='lat' dir='ltr'>enim</span> <span class='ocrx_word' id='word_1_220' title='bbox 585 3230 673 3296; x_wconf 81' lang='lat' dir='ltr'>vires.</span> <span class='ocrx_word' id='word_1_221' title='bbox 748 3221 844 3299; x_wconf 83' lang='lat' dir='ltr'>Claffi</span> <span class='ocrx_word' id='word_1_222' title='bbox 863 3227 992 3296; x_wconf 80' lang='lat' dir='ltr'>Danicae</span> <span class='ocrx_word' id='word_1_223' title='bbox 1007 3219 1169 3319; x_wconf 73' lang='lat' dir='ltr'>praefectus</span> <span class='ocrx_word' id='word_1_224' title='bbox 1195 3242 1246 3294; x_wconf 92' lang='lat' dir='ltr'>tu·</span> <span class='ocrx_word' id='word_1_225' title='bbox 1330 3235 1331 3244; x_wconf 76' lang='grc'>’</span> 
     </span>
    </p>

    <p class='ocr_par' dir='ltr' id='par_1_21' title="bbox 323 3324 1247 3426">
     <span class='ocr_line' id='line_1_30' title="bbox 323 3324 1247 3426; baseline -0.002 -26"><span class='ocrx_word' id='word_1_226' title='bbox 323 3325 424 3404; x_wconf 78' lang='lat' dir='ltr'>tande</span> <span class='ocrx_word' id='word_1_227' title='bbox 437 3329 605 3403; x_wconf 88' lang='lat' dir='ltr'>cohortem</span> <span class='ocrx_word' id='word_1_228' title='bbox 620 3332 654 3398; x_wconf 93' lang='lat' dir='ltr'>in</span> <span class='ocrx_word' id='word_1_229' title='bbox 673 3351 785 3426; x_wconf 86' lang='lat' dir='ltr'>paucas</span> <span class='ocrx_word' id='word_1_230' title='bbox 799 3352 892 3398; x_wconf 88' lang='lat' dir='ltr'>naves</span> <span class='ocrx_word' id='word_1_231' title='bbox 907 3324 1089 3426; x_wconf 77' lang='lat' dir='ltr'>impositam</span> <span class='ocrx_word' id='word_1_232' title='bbox 1105 3324 1247 3408; x_wconf 82' lang='lat' dir='ltr'>hollibus</span> 
     </span>
    </p>

    <p class='ocr_par' dir='ltr' id='par_1_22' title="bbox 322 3425 1247 3530">
     <span class='ocr_line' id='line_1_31' title="bbox 322 3425 1247 3530; baseline -0.005 -26"><span class='ocrx_word' id='word_1_233' title='bbox 322 3436 480 3530; x_wconf 89' lang='lat' dir='ltr'>opponit,</span> <span class='ocrx_word' id='word_1_234' title='bbox 510 3429 633 3528; x_wconf 87' lang='lat' dir='ltr'>levique</span> <span class='ocrx_word' id='word_1_235' title='bbox 647 3429 757 3530; x_wconf 84' lang='lat' dir='ltr'>praelio</span> <span class='ocrx_word' id='word_1_236' title='bbox 778 3425 922 3527; x_wconf 88' lang='lat' dir='ltr'>fatigatos</span> <span class='ocrx_word' id='word_1_237' title='bbox 937 3431 1023 3504; x_wconf 86' lang='lat' dir='ltr'>abire</span> <span class='ocrx_word' id='word_1_238' title='bbox 1038 3436 1134 3528; x_wconf 89' lang='lat' dir='ltr'>cogit.</span> <span class='ocrx_word' id='word_1_239' title='bbox 1184 3433 1247 3500; x_wconf 89' lang='lat' dir='ltr'>Ite·</span> 
     </span>
    </p>

    <p class='ocr_par' dir='ltr' id='par_1_23' title="bbox 92 3527 1245 3633">
     <span class='ocr_line' id='line_1_32' title="bbox 92 3527 1245 3633; baseline -0.004 -27"><span class='ocrx_word' id='word_1_240' title='bbox 92 3545 303 3622; x_wconf 72' lang='lat' dir='ltr'>Regianitugnr.</span> <span class='ocrx_word' id='word_1_241' title='bbox 323 3559 395 3608; x_wconf 85' lang='lat' dir='ltr'>rum</span> <span class='ocrx_word' id='word_1_242' title='bbox 413 3540 591 3630; x_wconf 87' lang='lat' dir='ltr'>iterumque</span> <span class='ocrx_word' id='word_1_243' title='bbox 611 3539 806 3606; x_wconf 87' lang='lat' dir='ltr'>incurrentes</span> <span class='ocrx_word' id='word_1_244' title='bbox 829 3529 939 3633; x_wconf 83' lang='lat' dir='ltr'>sugat,</span> <span class='ocrx_word' id='word_1_245' title='bbox 961 3532 1146 3632; x_wconf 88' lang='lat' dir='ltr'>longiusque</span> <span class='ocrx_word' id='word_1_246' title='bbox 1165 3527 1221 3602; x_wconf 83' lang='lat' dir='ltr'>inl</span> <span class='ocrx_word' id='word_1_247' title='bbox 1231 3574 1245 3590; x_wconf 93' lang='lat'><strong>·</strong></span> 
     </span>
    </p>

    <p class='ocr_par' dir='ltr' id='par_1_24' title="bbox 53 3629 1246 4043">
     <span class='ocr_line' id='line_1_33' title="bbox 53 3629 1246 3734; baseline 0.005 -32"><span class='ocrx_word' id='word_1_248' title='bbox 53 3633 56 3638; x_wconf 77' lang='grc'><strong>’</strong></span> <span class='ocrx_word' id='word_1_249' title='bbox 322 3653 488 3733; x_wconf 89' lang='lat' dir='ltr'>queretur,</span> <span class='ocrx_word' id='word_1_250' title='bbox 503 3633 560 3706; x_wconf 83' lang='lat' dir='ltr'>niti</span> <span class='ocrx_word' id='word_1_251' title='bbox 575 3633 664 3734; x_wconf 91' lang='lat' dir='ltr'>quod</span> <span class='ocrx_word' id='word_1_252' title='bbox 679 3634 851 3722; x_wconf 86' lang='lat' dir='ltr'>acciderat,</span> <span class='ocrx_word' id='word_1_253' title='bbox 865 3644 983 3707; x_wconf 74' lang='lat' dir='ltr'>&#39;animo</span> <span class='ocrx_word' id='word_1_254' title='bbox 998 3629 1157 3722; x_wconf 84' lang='lat' dir='ltr'>volvilset,</span> <span class='ocrx_word' id='word_1_255' title='bbox 1182 3637 1246 3709; x_wconf 83' lang='lat' dir='ltr'>Re·</span> 
     </span>
     <span class='ocr_line' id='line_1_34' title="bbox 321 3735 1244 3836; baseline 0.002 -30"><span class='ocrx_word' id='word_1_256' title='bbox 321 3763 397 3836; x_wconf 88' lang='lat' dir='ltr'>gem</span> <span class='ocrx_word' id='word_1_257' title='bbox 416 3735 500 3806; x_wconf 86' lang='lat' dir='ltr'>litori</span> <span class='ocrx_word' id='word_1_258' title='bbox 516 3762 592 3808; x_wconf 90' lang='lat' dir='ltr'>cum</span> <span class='ocrx_word' id='word_1_259' title='bbox 612 3735 716 3836; x_wconf 83' lang='lat' dir='ltr'>praeda</span> <span class='ocrx_word' id='word_1_260' title='bbox 733 3743 957 3836; x_wconf 88' lang='lat' dir='ltr'>propinquare.</span> <span class='ocrx_word' id='word_1_261' title='bbox 1008 3740 1148 3810; x_wconf 88' lang='lat' dir='ltr'>Miratur</span> <span class='ocrx_word' id='word_1_262' title='bbox 1165 3740 1244 3823; x_wconf 82' lang='lat' dir='ltr'>Rex,</span> 
     </span>
     <span class='ocr_line' id='line_1_35' title="bbox 323 3831 1245 3920; baseline 0.002 -10"><span class='ocrx_word' id='word_1_263' title='bbox 323 3832 448 3910; x_wconf 80' lang='lat' dir='ltr'>elallem</span> <span class='ocrx_word' id='word_1_264' title='bbox 470 3833 559 3910; x_wconf 80' lang='lat' dir='ltr'>suam</span> <span class='ocrx_word' id='word_1_265' title='bbox 588 3837 655 3910; x_wconf 82' lang='lat' dir='ltr'>sane</span> <span class='ocrx_word' id='word_1_266' title='bbox 686 3835 814 3914; x_wconf 85' lang='lat' dir='ltr'>cnssode</span> <span class='ocrx_word' id='word_1_267' title='bbox 834 3836 1004 3920; x_wconf 80' lang='lat' dir='ltr'>inanitamt</span> <span class='ocrx_word' id='word_1_268' title='bbox 1035 3831 1088 3916; x_wconf 88' lang='lat' dir='ltr'>scd</span> <span class='ocrx_word' id='word_1_269' title='bbox 1110 3838 1193 3913; x_wconf 87' lang='lat' dir='ltr'>videt</span> <span class='ocrx_word' id='word_1_270' title='bbox 1225 3865 1245 3912; x_wconf 89' lang='lat' dir='ltr'>e</span> 
     </span>
     <span class='ocr_line' id='line_1_36' title="bbox 1171 3967 1245 4043; baseline 0.014 -31"><span class='ocrx_word' id='word_1_271' title='bbox 1171 3967 1245 4043; x_wconf 88' lang='lat' dir='ltr'>pro·</span> 
     </span>
    </p>
   </div>
   <div class='ocr_carea' id='block_1_3' title="bbox 0 0 1338 4430">
    <p class='ocr_par' dir='ltr' id='par_1_25' title="bbox 0 0 1338 4430">
     <span class='ocr_line' id='line_1_37' title="bbox 0 0 1338 4430; baseline 0 1"><span class='ocrx_word' id='word_1_272' title='bbox 0 0 1338 4430; x_wconf 95' lang='lat' dir='ltr'> </span> 
     </span>
    </p>
   </div>
  </div>
 </body>
</html>
