2666 4430
150 261 420 370 onnonvru
443 253 541 339 ren
565 203 916 378 sennan-ran.
948 290 1005 360 ne

68 439 150 528 dat,
170 435 370 538 asseripruros
385 437 520 528 detineat
532 444 567 512 in
583 435 724 538 perfidia.
786 444 913 541 Ingenti
926 439 1003 514 ssre·

67 550 145 643 piru
166 542 315 614 convulsa
335 541 435 614 ssatua
457 539 604 642 percuffit
621 563 748 618 terram.
799 547 893 626 Tum
909 547 1003 644 oppi-

67 644 150 718 dani
165 642 300 720 educere
315 641 395 738 jussi,
414 635 587 717 detretstant
602 651 741 718 numinis
756 672 774 716 a
790 642 819 718 se
831 642 1001 719 cultitrisse

66 774 229 848 peragere
247 745 474 820 ministerium:
487 743 685 835 advenae&
698 753 752 847 qui
768 755 802 821 in
816 745 937 848 oppido
953 739 1001 820 io·

69 872 180 922 carane
205 875 341 948 operas,
366 847 497 950 adigunt
510 847 641 922 educere
656 850 789 926 molem.
865 855 999 922 interim

67 953 150 1024 alios
165 951 284 1052 religio
299 957 421 1051 terruit²
437 951 511 1024 alios
524 951 600 1024 riius
615 961 752 1055 excepit:
777 947 998 1053 prudentiores
1036 973 1041 1018 5
1149 968 1151 977 '

66 1057 173 1126 rubor
189 1060 364 1152 corripuit,
383 1073 465 1126 tanta
478 1051 508 1138 se
524 1063 726 1130 veneratione
740 1043 865 1128 coluisse
879 1057 998 1143 Deum,
1130 1077 1134 1093 ·

69 1164 126 1258 qui
140 1185 185 1229 ne
198 1155 256 1229 fibi
271 1150 370 1255 poiset
385 1151 488 1250 adesse
503 1164 564 1254 &e
616 1163 802 1256 Principum
817 1154 939 1242 scribe,
953 1153 995 1235 se·
1015 1168 1116 1250 scribo¹
1129 1153 1224 1226 doeens

70 1257 246 1332 cerdotum
261 1266 346 1346 vice,
371 1263 406 1330 in
427 1261 503 1332 urbe
527 1257 683 1333 docendae
705 1261 802 1360 piebis
824 1265 858 1334 ἀ
880 1256 996 1335 deinde
1015 1238 1188 1312 mmmm·

68 1357 268 1462 baptizandae
281 1381 471 1460 peregerunt
480 1360 615 1451 officia:
638 1359 751 1436 fanum
766 1382 998 1450 concrematur,

71 1473 106 1539 ἀ
120 1493 159 1537 ex
173 1467 287 1566 lignis,
310 1489 379 1562 quae
394 1467 462 1536 Rex
477 1460 624 1538 faciendis
639 1469 794 1554 machinis
813 1463 997 1550 advexerat,

71 1567 236 1641 instruitur
248 1563 379 1640 bafiliea.
431 1563 613 1640 Thesaurus
634 1574 760 1644 numini
773 1564 897 1668 pridem
920 1593 997 1640 con·

72 1667 220 1761 secretus,
234 1667 274 1740 ad
296 1667 484 1768 praefinitam
510 1673 627 1744 horam
649 1672 775 1766 jubetur
802 1666 911 1744 afferri
933 1675 995 1744 &o

70 1775 124 1846 Ad
134 1776 312 1872 exemplum
322 1777 541 1870 ¹Arcousuſsum
554 1773 745 1862 deditionem
757 1801 832 1860 neore
846 1778 997 1873 fecerunt

68 1886 109 1954 ,ὅ
126 1877 301 1962 obtulerunt
314 1880 505 1972 Karentr‘ni:
531 1882 713 1977 Antequam
723 1877 894 1952 conssituto
909 1877 993 1950 litto·
1011 1896 1090 1954 trtbu
1102 1892 1219 1975 xuenn·
1261 1946 1267 1950 .

70 1984 96 2050 ri
109 1973 256 2078 pontifex
278 1982 335 2069 (sc.
351 1977 496 2076 Abſsrlon)
510 1976 687 2068 accederet,
712 1987 774 2074 jam
790 1978 993 2066 demorantes
1009 1986 1050 2026 ω
1062 1965 1169 2026 ‘mm

71 2082 112 2152 ibi
127 2087 248 2179 reperit
261 2083 449 2154 Karentinos
464 2089 527 2154 &n
578 2079 920 2176 lbi,exformulacum
931 2088 993 2162 br<
1148 2083 1154 2091 '
1204 2097 1209 2108 '

70 2182 260 2275 conenfibus
275 2181 456 2281 constituta,
465 2182 582 2256 deditio
591 2204 735 2284 paretur:
761 2190 993 2283 quarproxinis
1029 2255 1031 2260 ,

67 2286 138 2359 luce
151 2292 293 2360 venienti
309 2289 478 2360 Danorum
494 2290 572 2387 Regi
585 2295 620 2360 ὃ(
637 2281 820 2360 offertur&
835 2291 1019 2385 recipitne·
1068 2327 1070 2334 ·
1205 2349 1207 2358 ,

68 2387 185 2464 Aderat
199 2389 371 2482 Tecisiaeus
384 2415 438 2462 rex
453 2396 574 2490 gentis,
594 2393 765 2484 Jarimarus
782 2385 894 2477 frater,
916 2413 993 2468 curn
1106 2421 1109 2428 ’
1194 2440 1198 2448 -

68 2503 186 2568 ceteris
200 2513 291 2576 terrac
307 2494 499 2592 proceribus.
552 2489 708 2581 Pontifex,
722 2497 810 2596 Rege
823 2495 992 2580 abnuente,

66 2599 193 2692 jubetur
208 2591 407 2670 deditionem
419 2615 495 2680 eum
508 2593 667 2671 obfidibus
681 2603 832 2700 accipere.
877 2597 933 2670 tlte
946 2593 991 2682 as·

66 2697 195 2800 sumpto
210 2703 376 2788 Zuenone,
391 2697 546 2775 Arusrensr
568 2699 738 2800 pontifice,
764 2727 803 2774 ac
823 2695 893 2774 soto
914 2703 991 2788 Jari·

67 2828 177 2888 maro,
189 2809 253 2872 nix
266 2807 395 2900 triginta
411 2827 450 2875 ex
467 2800 644 2882 domesticis
666 2805 906 2894 connitentibus,
923 2807 995 2892 Ka?
1154 2889 1158 2896 ,

66 2913 204 2978 rentiam
226 2900 459 3003 proficiscitur,
492 2906 635 2996 Esberno
656 2899 743 2988 fratri
764 2913 918 2994 innuens,
952 2927 989 2983 ut

67 3031 209 3094 caeteros,
224 3005 329 3106 quoad
345 3029 529 3098 revertatur,
542 3013 691 3096 conunio
706 3015 855 3110 excipiat,
879 3036 991 3086 revere
1087 3089 1095 3102 s,
1199 3027 1201 3034 '

65 3112 192 3182 futuros
207 3106 339 3186 obfides.
367 3110 532 3212 ‘Angusto
555 3117 666 3187 itinere
684 3139 741 3214 per
761 3111 880 3204 medias
902 3114 992 3214 palu·

66 3212 119 3284 des
133 3209 295 3284 inceditur
303 3217 365 3286 &o
418 3214 469 3287 Ad
482 3214 583 3304 finem
598 3213 680 3286 callis
695 3242 752 3314 per
765 3216 935 3314 planiciem
948 3214 990 3299 ael

65 3316 152 3391 urbis
169 3314 287 3388 vallum
301 3313 396 3394 ducit.
447 3318 512 3390 Illic
532 3311 629 3406 effusa
649 3319 733 3390 urbis
751 3316 924 3398 nrultitudo
939 3343 988 3398 ar·
1056 3356 1058 3362 ·

67 3439 150 3488 mata
176 3442 233 3518 per
253 3438 373 3492 turmas
389 3419 496 3504 ssabat,
520 3414 559 3490 ad
576 3445 756 3506 numerum
771 3415 822 3492 sex
839 3419 987 3495 millium.
1052 3407 1055 3414 ¹
1169 3433 1202 3550 γ

67 3524 183 3594 Zueno
197 3524 341 3610 territus,
358 3521 434 3622 quid
451 3513 548 3592 effusa
561 3517 732 3594 multitudo
746 3528 779 3594 dt
798 3520 852 3608 illa
866 3519 988 3608 atinate
1146 3525 1149 3531 ¹

67 3618 270 3723 deposceret,
288 3646 389 3724 rogat.
441 3621 530 3698 Nihil
552 3619 761 3711 dubitandum
781 3620 876 3698 refert
890 3625 1126 3728 Abia-Qum
1135 3650 1213 3710 Asse

68 3724 141 3812 lon,
158 3734 244 3825 pacis
266 3751 335 3800 non
356 3728 428 3803 beili
452 3717 512 3800 effe
528 3741 711 3825 apparatus,
729 3727 847 3829 alioqui
856 3735 894 3809 in
908 3734 986 3808 urbe
997 3731 1079 3788 '¹⁰¹¹ss

68 3835 249 3930 promptius
261 3851 405 3932 exceptos
419 3833 611 3908 obtererent.
674 3820 988 3940 Tarnprmseutiefi-
1029 3823 1048 3857 ³

545 3935 604 4026 13
829 3963 837 3983 ¹
914 3935 990 4009 den·
1030 3961 1033 3968 ⁴
1078 3950 1082 3958 “
