<?xml version="1.0" encoding="UTF-8"?>
<!DOCTYPE html PUBLIC "-//W3C//DTD XHTML 1.0 Transitional//EN"
    "http://www.w3.org/TR/xhtml1/DTD/xhtml1-transitional.dtd">
<html xmlns="http://www.w3.org/1999/xhtml" xml:lang="en" lang="en">
 <head>
  <title>
</title>
<meta http-equiv="Content-Type" content="text/html;charset=utf-8" />
  <meta name='ocr-system' content='tesseract 3.04.00' />
  <meta name='ocr-capabilities' content='ocr_page ocr_carea ocr_par ocr_line ocrx_word'/>
</head>
<body>
  <div class='ocr_page' id='page_1' title='image "./gestaetvestigad00pontgoog/gestaetvestigad00pontgoog_0060.png"; bbox 0 0 2700 4408; ppageno 0'>
   <div class='ocr_carea' id='block_1_1' title="bbox 186 211 1035 316">
    <p class='ocr_par' dir='ltr' id='par_1_1' title="bbox 186 211 1035 316">
     <span class='ocr_line' id='line_1_1' title="bbox 186 211 1035 316; baseline 0.009 -33"><span class='ocrx_word' id='word_1_1' title='bbox 186 211 457 287; x_wconf 82' lang='lat' dir='ltr'>DANORVM</span> <span class='ocrx_word' id='word_1_2' title='bbox 483 211 580 286; x_wconf 86' lang='lat' dir='ltr'>PER</span> <span class='ocrx_word' id='word_1_3' title='bbox 605 213 953 290; x_wconf 74' lang='lat' dir='ltr'>GERMANIAM:</span> <span class='ocrx_word' id='word_1_4' title='bbox 1001 245 1035 316; x_wconf 81' lang='lat'>55</span> 
     </span>
    </p>
   </div>
   <div class='ocr_carea' id='block_1_2' title="bbox 14 383 1244 3952">
    <p class='ocr_par' dir='ltr' id='par_1_2' title="bbox 14 383 1244 3922">
     <span class='ocr_line' id='line_1_2' title="bbox 14 383 1034 481; baseline 0.005 -21"><span class='ocrx_word' id='word_1_5' title='bbox 14 399 15 408; x_wconf 77' lang='grc'>’</span> <span class='ocrx_word' id='word_1_6' title='bbox 97 383 335 461; x_wconf 77' lang='lat' dir='ltr'>dur&#39;Abotritir</span> <span class='ocrx_word' id='word_1_7' title='bbox 348 387 446 460; x_wconf 81' lang='lat' dir='ltr'>ablata</span> <span class='ocrx_word' id='word_1_8' title='bbox 461 389 645 481; x_wconf 80' lang='lat' dir='ltr'>restitueret,</span> <span class='ocrx_word' id='word_1_9' title='bbox 671 390 794 468; x_wconf 81' lang='lat' dir='ltr'>obsides</span> <span class='ocrx_word' id='word_1_10' title='bbox 808 387 966 479; x_wconf 80' lang='lat' dir='ltr'>redderet,</span> <span class='ocrx_word' id='word_1_11' title='bbox 982 390 1034 465; x_wconf 84' lang='lat' dir='ltr'>lii·</span> 
     </span>
     <span class='ocr_line' id='line_1_3' title="bbox 95 488 1033 592; baseline 0.005 -30"><span class='ocrx_word' id='word_1_12' title='bbox 95 488 263 591; x_wconf 85' lang='lat' dir='ltr'><strong>pendium</strong></span> <span class='ocrx_word' id='word_1_13' title='bbox 280 495 473 564; x_wconf 85' lang='lat' dir='ltr'>remitteret:</span> <span class='ocrx_word' id='word_1_14' title='bbox 499 492 628 581; x_wconf 80' lang='lat' dir='ltr'>deiude,</span> <span class='ocrx_word' id='word_1_15' title='bbox 645 503 812 569; x_wconf 80' lang='lat' dir='ltr'>neamicor</span> <span class='ocrx_word' id='word_1_16' title='bbox 827 501 1033 592; x_wconf 75' lang='lat' dir='ltr'>Imperatoria</span> 
     </span>
     <span class='ocr_line' id='line_1_4' title="bbox 95 589 1030 690; baseline 0.004 -24"><span class='ocrx_word' id='word_1_17' title='bbox 95 603 133 666; x_wconf 73' lang='grc' dir='ltr'>ὅ(</span> <span class='ocrx_word' id='word_1_18' title='bbox 147 589 407 690; x_wconf 71' lang='lat' dir='ltr'>socios&#39;ampliur</span> <span class='ocrx_word' id='word_1_19' title='bbox 420 599 531 690; x_wconf 69' lang='lat' dir='ltr'>iniuria</span> <span class='ocrx_word' id='word_1_20' title='bbox 544 593 719 686; x_wconf 77' lang='lat' dir='ltr'>lacesseret,</span> <span class='ocrx_word' id='word_1_21' title='bbox 748 623 807 671; x_wconf 89' lang='lat' dir='ltr'>nec</span> <span class='ocrx_word' id='word_1_22' title='bbox 819 596 940 669; x_wconf 86' lang='lat' dir='ltr'>Vilizos</span> <span class='ocrx_word' id='word_1_23' title='bbox 967 598 1030 670; x_wconf 90' lang='lat' dir='ltr'>ho·</span> 
     </span>
     <span class='ocr_line' id='line_1_5' title="bbox 24 693 1026 798; baseline 0.006 -32"><span class='ocrx_word' id='word_1_24' title='bbox 24 733 28 745; x_wconf 47' lang='grc' dir='ltr'><em>ι</em></span> <span class='ocrx_word' id='word_1_25' title='bbox 95 695 159 767; x_wconf 85' lang='lat' dir='ltr'>stes</span> <span class='ocrx_word' id='word_1_26' title='bbox 175 702 211 773; x_wconf 70' lang='grc' dir='ltr'>ὅ(</span> <span class='ocrx_word' id='word_1_27' title='bbox 226 693 403 794; x_wconf 78' lang='lat' dir='ltr'>transfugas</span> <span class='ocrx_word' id='word_1_28' title='bbox 417 704 588 796; x_wconf 85' lang='lat' dir='ltr'>reciperet:</span> <span class='ocrx_word' id='word_1_29' title='bbox 613 727 694 776; x_wconf 85' lang='lat' dir='ltr'>neve</span> <span class='ocrx_word' id='word_1_30' title='bbox 709 697 867 774; x_wconf 76' lang='lat' dir='ltr'>dedititios</span> <span class='ocrx_word' id='word_1_31' title='bbox 886 703 1026 798; x_wconf 81' lang='lat' dir='ltr'>imperio</span> 
     </span>
     <span class='ocr_line' id='line_1_6' title="bbox 99 794 1024 903; baseline 0.004 -33"><span class='ocrx_word' id='word_1_32' title='bbox 99 794 309 873; x_wconf 84' lang='lat' dir='ltr'>subtraheret.</span> <span class='ocrx_word' id='word_1_33' title='bbox 362 795 461 900; x_wconf 80' lang='lat' dir='ltr'>Qod</span> <span class='ocrx_word' id='word_1_34' title='bbox 481 798 504 871; x_wconf 86' lang='lat' dir='ltr'>st</span> <span class='ocrx_word' id='word_1_35' title='bbox 525 799 654 891; x_wconf 86' lang='lat' dir='ltr'>fecerit,</span> <span class='ocrx_word' id='word_1_36' title='bbox 680 821 866 903; x_wconf 84' lang='lat' dir='ltr'>perpetuam</span> <span class='ocrx_word' id='word_1_37' title='bbox 886 806 1024 900; x_wconf 81' lang='lat' dir='ltr'>gratiam</span> 
     </span>
     <span class='ocr_line' id='line_1_7' title="bbox 98 897 1023 1000; baseline 0.004 -29"><span class='ocrx_word' id='word_1_38' title='bbox 98 905 343 998; x_wconf 75' lang='lat' dir='ltr'>amicitiamque</span> <span class='ocrx_word' id='word_1_39' title='bbox 356 903 557 1000; x_wconf 80' lang='lat' dir='ltr'>Imperatoris</span> <span class='ocrx_word' id='word_1_40' title='bbox 572 929 649 975; x_wconf 94' lang='lat' dir='ltr'>cum</span> <span class='ocrx_word' id='word_1_41' title='bbox 663 908 761 978; x_wconf 88' lang='lat' dir='ltr'>Danis</span> <span class='ocrx_word' id='word_1_42' title='bbox 778 902 928 982; x_wconf 85' lang='lat' dir='ltr'>litturam,</span> <span class='ocrx_word' id='word_1_43' title='bbox 970 897 1023 975; x_wconf 81' lang='lat' dir='ltr'>Ad</span> 
     </span>
     <span class='ocr_line' id='line_1_8' title="bbox 14 995 1021 1108; baseline 0.006 -38"><span class='ocrx_word' id='word_1_44' title='bbox 14 995 15 1018; x_wconf 65' lang='lat'><em>³</em></span> <span class='ocrx_word' id='word_1_45' title='bbox 99 1004 168 1072; x_wconf 77' lang='lat' dir='ltr'>lraec</span> <span class='ocrx_word' id='word_1_46' title='bbox 185 1005 389 1076; x_wconf 84' lang='lat' dir='ltr'>Francorum</span> <span class='ocrx_word' id='word_1_47' title='bbox 409 1002 560 1100; x_wconf 88' lang='lat' dir='ltr'>pollulata</span> <span class='ocrx_word' id='word_1_48' title='bbox 575 1009 660 1079; x_wconf 88' lang='lat' dir='ltr'>Daui</span> <span class='ocrx_word' id='word_1_49' title='bbox 682 1003 933 1108; x_wconf 85' lang='lat' dir='ltr'>responderunt,</span> <span class='ocrx_word' id='word_1_50' title='bbox 958 1007 1021 1077; x_wconf 74' lang='lat' dir='ltr'>tte.</span> 
     </span>
     <span class='ocr_line' id='line_1_9' title="bbox 99 1099 1020 1208; baseline 0.007 -34"><span class='ocrx_word' id='word_1_51' title='bbox 99 1129 181 1202; x_wconf 80' lang='lat' dir='ltr'>gem</span> <span class='ocrx_word' id='word_1_52' title='bbox 220 1099 310 1204; x_wconf 80' lang='lat' dir='ltr'>suum</span> <span class='ocrx_word' id='word_1_53' title='bbox 344 1109 493 1196; x_wconf 86' lang='lat' dir='ltr'>injuriam</span> <span class='ocrx_word' id='word_1_54' title='bbox 526 1105 739 1208; x_wconf 80' lang='lat' dir='ltr'>propulsasse,</span> <span class='ocrx_word' id='word_1_55' title='bbox 776 1133 845 1179; x_wconf 92' lang='lat' dir='ltr'>non</span> <span class='ocrx_word' id='word_1_56' title='bbox 878 1099 1020 1184; x_wconf 85' lang='lat' dir='ltr'>intulisse.</span> 
     </span>
     <span class='ocr_line' id='line_1_10' title="bbox 101 1203 1021 1306; baseline 0.003 -29"><span class='ocrx_word' id='word_1_57' title='bbox 101 1206 287 1292; x_wconf 76' lang='lat' dir='ltr'>Abotritot,</span> <span class='ocrx_word' id='word_1_58' title='bbox 307 1213 462 1306; x_wconf 86' lang='lat' dir='ltr'>quoniam</span> <span class='ocrx_word' id='word_1_59' title='bbox 483 1209 554 1283; x_wconf 84' lang='lat' dir='ltr'>belli</span> <span class='ocrx_word' id='word_1_60' title='bbox 574 1211 674 1284; x_wconf 88' lang='lat' dir='ltr'>aleam</span> <span class='ocrx_word' id='word_1_61' title='bbox 689 1203 864 1298; x_wconf 83' lang='lat' dir='ltr'>tentassent,</span> <span class='ocrx_word' id='word_1_62' title='bbox 878 1215 912 1286; x_wconf 84' lang='lat'>&amp;</span> <span class='ocrx_word' id='word_1_63' title='bbox 924 1215 1021 1280; x_wconf 85' lang='lat' dir='ltr'>atmit</span> 
     </span>
     <span class='ocr_line' id='line_1_11' title="bbox 103 1304 1019 1413; baseline 0.005 -35"><span class='ocrx_word' id='word_1_64' title='bbox 103 1305 261 1407; x_wconf 77' lang='lat' dir='ltr'>congressi</span> <span class='ocrx_word' id='word_1_65' title='bbox 284 1334 319 1377; x_wconf 87' lang='lat' dir='ltr'>ac</span> <span class='ocrx_word' id='word_1_66' title='bbox 333 1304 466 1412; x_wconf 89' lang='lat' dir='ltr'>superati</span> <span class='ocrx_word' id='word_1_67' title='bbox 487 1305 602 1400; x_wconf 84' lang='lat' dir='ltr'>essent,</span> <span class='ocrx_word' id='word_1_68' title='bbox 627 1310 841 1413; x_wconf 83' lang='lat' dir='ltr'>stipendiarios</span> <span class='ocrx_word' id='word_1_69' title='bbox 861 1317 928 1408; x_wconf 77' lang='lat' dir='ltr'>jure</span> <span class='ocrx_word' id='word_1_70' title='bbox 946 1309 1019 1388; x_wconf 85' lang='lat' dir='ltr'>belli</span> 
     </span>
     <span class='ocr_line' id='line_1_12' title="bbox 102 1406 1020 1514; baseline 0.007 -34"><span class='ocrx_word' id='word_1_71' title='bbox 102 1406 179 1496; x_wconf 82' lang='lat' dir='ltr'>elle,</span> <span class='ocrx_word' id='word_1_72' title='bbox 205 1409 300 1482; x_wconf 87' lang='lat' dir='ltr'>licere</span> <span class='ocrx_word' id='word_1_73' title='bbox 315 1411 486 1486; x_wconf 76' lang='lat' dir='ltr'>visloribur</span> <span class='ocrx_word' id='word_1_74' title='bbox 508 1420 575 1505; x_wconf 82' lang='lat' dir='ltr'>jure</span> <span class='ocrx_word' id='word_1_75' title='bbox 585 1441 686 1512; x_wconf 81' lang='lat' dir='ltr'>agere</span> <span class='ocrx_word' id='word_1_76' title='bbox 700 1441 775 1489; x_wconf 89' lang='lat' dir='ltr'>curn</span> <span class='ocrx_word' id='word_1_77' title='bbox 787 1415 894 1502; x_wconf 78' lang='lat' dir='ltr'>vittis,</span> <span class='ocrx_word' id='word_1_78' title='bbox 910 1415 1020 1514; x_wconf 81' lang='lat' dir='ltr'>hisque</span> 
     </span>
     <span class='ocr_line' id='line_1_13' title="bbox 14 1510 1020 1619; baseline 0.008 -39"><span class='ocrx_word' id='word_1_79' title='bbox 14 1585 15 1608; x_wconf 59' lang='lat'>,</span> <span class='ocrx_word' id='word_1_80' title='bbox 102 1513 259 1584; x_wconf 89' lang='lat' dir='ltr'>tributum</span> <span class='ocrx_word' id='word_1_81' title='bbox 270 1517 451 1612; x_wconf 82' lang='lat' dir='ltr'>imponere.</span> <span class='ocrx_word' id='word_1_82' title='bbox 483 1517 553 1591; x_wconf 85' lang='lat' dir='ltr'>Nec</span> <span class='ocrx_word' id='word_1_83' title='bbox 566 1513 653 1616; x_wconf 80' lang='lat' dir='ltr'>posse</span> <span class='ocrx_word' id='word_1_84' title='bbox 665 1524 841 1619; x_wconf 85' lang='lat' dir='ltr'>principem</span> <span class='ocrx_word' id='word_1_85' title='bbox 856 1510 1020 1618; x_wconf 89' lang='lat' dir='ltr'>optimum</span> 
     </span>
     <span class='ocr_line' id='line_1_14' title="bbox 101 1609 1021 1723; baseline 0.004 -40"><span class='ocrx_word' id='word_1_86' title='bbox 101 1609 243 1692; x_wconf 81' lang='lat' dir='ltr'>deserere</span> <span class='ocrx_word' id='word_1_87' title='bbox 255 1640 324 1706; x_wconf 78' lang='lat' dir='ltr'>cor,</span> <span class='ocrx_word' id='word_1_88' title='bbox 337 1635 389 1686; x_wconf 87' lang='lat' dir='ltr'>aut</span> <span class='ocrx_word' id='word_1_89' title='bbox 395 1612 535 1717; x_wconf 88' lang='lat' dir='ltr'>ipsorum</span> <span class='ocrx_word' id='word_1_90' title='bbox 549 1624 695 1714; x_wconf 83' lang='lat' dir='ltr'>injuriam</span> <span class='ocrx_word' id='word_1_91' title='bbox 709 1619 885 1723; x_wconf 82' lang='lat' dir='ltr'>negligere,</span> <span class='ocrx_word' id='word_1_92' title='bbox 910 1623 964 1718; x_wconf 93' lang='lat' dir='ltr'>qui</span> <span class='ocrx_word' id='word_1_93' title='bbox 979 1611 1021 1688; x_wconf 90' lang='lat' dir='ltr'>atl</span> 
     </span>
     <span class='ocr_line' id='line_1_15' title="bbox 104 1711 1020 1822; baseline 0.007 -36"><span class='ocrx_word' id='word_1_94' title='bbox 104 1711 187 1786; x_wconf 86' lang='lat' dir='ltr'>suain</span> <span class='ocrx_word' id='word_1_95' title='bbox 200 1713 303 1792; x_wconf 84' lang='lat' dir='ltr'>fidem</span> <span class='ocrx_word' id='word_1_96' title='bbox 318 1743 353 1794; x_wconf 88' lang='lat' dir='ltr'>ac</span> <span class='ocrx_word' id='word_1_97' title='bbox 367 1717 495 1794; x_wconf 89' lang='lat' dir='ltr'>tutelam</span> <span class='ocrx_word' id='word_1_98' title='bbox 516 1717 744 1822; x_wconf 81' lang='lat' dir='ltr'>confugissent,</span> <span class='ocrx_word' id='word_1_99' title='bbox 770 1727 939 1796; x_wconf 88' lang='lat' dir='ltr'>amicitiam</span> <span class='ocrx_word' id='word_1_100' title='bbox 955 1723 1020 1796; x_wconf 88' lang='lat' dir='ltr'>lm·</span> 
     </span>
     <span class='ocr_line' id='line_1_16' title="bbox 102 1822 1021 1927; baseline 0.004 -39"><span class='ocrx_word' id='word_1_101' title='bbox 102 1825 255 1915; x_wconf 72' lang='lat' dir='ltr'>potatoris</span> <span class='ocrx_word' id='word_1_102' title='bbox 269 1822 552 1920; x_wconf 79' lang='lat' dir='ltr'>regnoDanotutn</span> <span class='ocrx_word' id='word_1_103' title='bbox 566 1845 758 1900; x_wconf 82' lang='lat' dir='ltr'>ornamento</span> <span class='ocrx_word' id='word_1_104' title='bbox 772 1831 877 1927; x_wconf 79' lang='lat' dir='ltr'>potior</span> <span class='ocrx_word' id='word_1_105' title='bbox 891 1830 925 1902; x_wconf 84' lang='lat'>&amp;</span> <span class='ocrx_word' id='word_1_106' title='bbox 940 1847 1021 1924; x_wconf 83' lang='lat' dir='ltr'>prae-</span> 
     </span>
     <span class='ocr_line' id='line_1_17' title="bbox 103 1915 1020 2028; baseline 0.009 -39"><span class='ocrx_word' id='word_1_107' title='bbox 103 1917 178 1991; x_wconf 76' lang='lat' dir='ltr'>sidio</span> <span class='ocrx_word' id='word_1_108' title='bbox 193 1915 256 1992; x_wconf 85' lang='lat' dir='ltr'>else</span> <span class='ocrx_word' id='word_1_109' title='bbox 271 1940 441 2025; x_wconf 76' lang='lat' dir='ltr'>oportere,</span> <span class='ocrx_word' id='word_1_110' title='bbox 464 1949 561 2026; x_wconf 86' lang='lat' dir='ltr'>quam</span> <span class='ocrx_word' id='word_1_111' title='bbox 581 1924 792 2008; x_wconf 86' lang='lat' dir='ltr'>detrimento,</span> <span class='ocrx_word' id='word_1_112' title='bbox 859 1930 964 2028; x_wconf 79' lang='lat' dir='ltr'>Atque</span> <span class='ocrx_word' id='word_1_113' title='bbox 978 1931 1020 1997; x_wconf 85' lang='lat' dir='ltr'>ita</span> 
     </span>
     <span class='ocr_line' id='line_1_18' title="bbox 101 2026 1019 2128; baseline 0.003 -37"><span class='ocrx_word' id='word_1_114' title='bbox 101 2026 226 2093; x_wconf 80' lang='lat' dir='ltr'>irritatis</span> <span class='ocrx_word' id='word_1_115' title='bbox 269 2048 303 2095; x_wconf 90' lang='lat' dir='ltr'>er</span> <span class='ocrx_word' id='word_1_116' title='bbox 325 2031 544 2103; x_wconf 72' lang='lat' dir='ltr'>contentiones</span> <span class='ocrx_word' id='word_1_117' title='bbox 562 2034 722 2128; x_wconf 87' lang='lat' dir='ltr'>utrimque</span> <span class='ocrx_word' id='word_1_118' title='bbox 742 2034 882 2114; x_wconf 87' lang='lat' dir='ltr'>animis,</span> <span class='ocrx_word' id='word_1_119' title='bbox 919 2026 1019 2100; x_wconf 52' lang='lat' dir='ltr'>eollo*</span> 
     </span>
     <span class='ocr_line' id='line_1_19' title="bbox 103 2049 1244 2224; baseline -0.004 -32"><span class='ocrx_word' id='word_1_120' title='bbox 103 2129 216 2220; x_wconf 92' lang='lat' dir='ltr'>quium</span> <span class='ocrx_word' id='word_1_121' title='bbox 228 2049 426 2222; x_wconf 70' lang='lat' dir='ltr'>diremptum</span> <span class='ocrx_word' id='word_1_122' title='bbox 442 2126 498 2211; x_wconf 86' lang='lat' dir='ltr'>est,</span> <span class='ocrx_word' id='word_1_123' title='bbox 528 2127 684 2224; x_wconf 83' lang='lat' dir='ltr'>legatique</span> <span class='ocrx_word' id='word_1_124' title='bbox 698 2155 733 2196; x_wconf 86' lang='lat' dir='ltr'>re</span> <span class='ocrx_word' id='word_1_125' title='bbox 748 2125 863 2195; x_wconf 68' lang='lat' dir='ltr'>inferta</span> <span class='ocrx_word' id='word_1_126' title='bbox 878 2117 1016 2196; x_wconf 70' lang='lat' dir='ltr'>discesse.</span> <span class='ocrx_word' id='word_1_127' title='bbox 1033 2135 1120 2214; x_wconf 72' lang='lat' dir='ltr'>tegni</span> <span class='ocrx_word' id='word_1_128' title='bbox 1136 2149 1165 2188; x_wconf 74' lang='lat' dir='ltr'>re</span> <span class='ocrx_word' id='word_1_129' title='bbox 1177 2131 1244 2190; x_wconf 76' lang='lat' dir='ltr'>inte·</span> 
     </span>
     <span class='ocr_line' id='line_1_20' title="bbox 104 2201 1225 2326; baseline 0 -33"><span class='ocrx_word' id='word_1_130' title='bbox 104 2249 150 2294; x_wconf 87' lang='lat' dir='ltr'>re.</span> <span class='ocrx_word' id='word_1_131' title='bbox 193 2219 1019 2326; x_wconf 74' lang='lat' dir='ltr'>Ttascho,regulurAbotritotum,coutrasiisraprim</span> <span class='ocrx_word' id='word_1_132' title='bbox 1034 2201 1225 2259; x_wconf 63' lang='lat' dir='ltr'>mascarum</span> 
     </span>
     <span class='ocr_line' id='line_1_21' title="bbox 104 2318 1021 2425; baseline -0.004 -30"><span class='ocrx_word' id='word_1_133' title='bbox 104 2324 304 2421; x_wconf 81' lang='lat' dir='ltr'>popularium</span> <span class='ocrx_word' id='word_1_134' title='bbox 314 2327 464 2424; x_wconf 76' lang='lat' dir='ltr'>reliquiis,</span> <span class='ocrx_word' id='word_1_135' title='bbox 480 2333 647 2425; x_wconf 77' lang='lat' dir='ltr'>acriusque</span> <span class='ocrx_word' id='word_1_136' title='bbox 670 2328 834 2395; x_wconf 86' lang='lat' dir='ltr'>Saxonum</span> <span class='ocrx_word' id='word_1_137' title='bbox 854 2318 1021 2394; x_wconf 75' lang='lat' dir='ltr'>auxiliariis</span> 
     </span>
     <span class='ocr_line' id='line_1_22' title="bbox 106 2419 1019 2527; baseline -0.002 -34"><span class='ocrx_word' id='word_1_138' title='bbox 106 2427 213 2522; x_wconf 86' lang='lat' dir='ltr'>copiis,</span> <span class='ocrx_word' id='word_1_139' title='bbox 227 2422 381 2496; x_wconf 78' lang='lat' dir='ltr'>finitimos</span> <span class='ocrx_word' id='word_1_140' title='bbox 395 2422 450 2497; x_wconf 84' lang='lat' dir='ltr'>fibi</span> <span class='ocrx_word' id='word_1_141' title='bbox 464 2421 742 2527; x_wconf 83' lang='lat' dir='ltr'>Vilizorumagror</span> <span class='ocrx_word' id='word_1_142' title='bbox 755 2419 885 2510; x_wconf 84' lang='lat' dir='ltr'>invadit,</span> <span class='ocrx_word' id='word_1_143' title='bbox 894 2447 929 2493; x_wconf 87' lang='lat' dir='ltr'>ac</span> <span class='ocrx_word' id='word_1_144' title='bbox 940 2445 1019 2524; x_wconf 65' lang='lat' dir='ltr'>prro</span> 
     </span>
     <span class='ocr_line' id='line_1_23' title="bbox 107 2521 1229 2634; baseline 0 -40"><span class='ocrx_word' id='word_1_145' title='bbox 107 2521 143 2594; x_wconf 87' lang='lat' dir='ltr'>da</span> <span class='ocrx_word' id='word_1_146' title='bbox 156 2530 277 2624; x_wconf 88' lang='lat' dir='ltr'>ingenti</span> <span class='ocrx_word' id='word_1_147' title='bbox 294 2531 442 2626; x_wconf 83' lang='lat' dir='ltr'>potitur:</span> <span class='ocrx_word' id='word_1_148' title='bbox 472 2524 750 2634; x_wconf 86' lang='lat' dir='ltr'>Sameldiugorum</span> <span class='ocrx_word' id='word_1_149' title='bbox 773 2532 946 2602; x_wconf 81' lang='lat' dir='ltr'>maximam</span> <span class='ocrx_word' id='word_1_150' title='bbox 965 2549 1019 2612; x_wconf 80' lang='lat' dir='ltr'>¹ur·¹</span> <span class='ocrx_word' id='word_1_151' title='bbox 1142 2552 1151 2566; x_wconf 76' lang='grc'><strong><em>’</em></strong></span> <span class='ocrx_word' id='word_1_152' title='bbox 1224 2527 1229 2538; x_wconf 92' lang='grc'><strong>’</strong></span> 
     </span>
     <span class='ocr_line' id='line_1_24' title="bbox 107 2625 1017 2731; baseline 0.002 -35"><span class='ocrx_word' id='word_1_153' title='bbox 107 2625 179 2698; x_wconf 88' lang='lat' dir='ltr'>bern</span> <span class='ocrx_word' id='word_1_154' title='bbox 210 2646 389 2728; x_wconf 85' lang='lat' dir='ltr'>expugnat,</span> <span class='ocrx_word' id='word_1_155' title='bbox 428 2639 621 2728; x_wconf 78' lang='lat' dir='ltr'>omnesque,</span> <span class='ocrx_word' id='word_1_156' title='bbox 654 2636 708 2731; x_wconf 86' lang='lat' dir='ltr'>qui</span> <span class='ocrx_word' id='word_1_157' title='bbox 728 2628 925 2716; x_wconf 83' lang='lat' dir='ltr'>deiecerant,</span> <span class='ocrx_word' id='word_1_158' title='bbox 949 2627 1017 2698; x_wconf 76' lang='lat' dir='ltr'>aba·</span> 
     </span>
     <span class='ocr_line' id='line_1_25' title="bbox 108 2726 1018 2828; baseline 0.003 -29"><span class='ocrx_word' id='word_1_159' title='bbox 108 2754 166 2826; x_wconf 84' lang='lat' dir='ltr'>quc</span> <span class='ocrx_word' id='word_1_160' title='bbox 178 2730 381 2801; x_wconf 67' lang='lat' dir='ltr'>nuntiatione</span> <span class='ocrx_word' id='word_1_161' title='bbox 394 2726 433 2800; x_wconf 91' lang='lat' dir='ltr'>ad</span> <span class='ocrx_word' id='word_1_162' title='bbox 446 2727 640 2805; x_wconf 90' lang='lat' dir='ltr'>deditionem</span> <span class='ocrx_word' id='word_1_163' title='bbox 661 2739 696 2805; x_wconf 69' lang='grc' dir='ltr'>δε</span> <span class='ocrx_word' id='word_1_164' title='bbox 718 2731 882 2818; x_wconf 90' lang='lat' dir='ltr'>officium,</span> <span class='ocrx_word' id='word_1_165' title='bbox 914 2736 1018 2828; x_wconf 80' lang='lat' dir='ltr'>impe·</span> 
     </span>
     <span class='ocr_line' id='line_1_26' title="bbox 108 2827 1240 2950; baseline 0.001 -48"><span class='ocrx_word' id='word_1_166' title='bbox 108 2851 232 2930; x_wconf 84' lang='lat' dir='ltr'>rataque</span> <span class='ocrx_word' id='word_1_167' title='bbox 245 2827 351 2904; x_wconf 84' lang='lat' dir='ltr'>mtsus</span> <span class='ocrx_word' id='word_1_168' title='bbox 364 2827 503 2905; x_wconf 84' lang='lat' dir='ltr'>facienda</span> <span class='ocrx_word' id='word_1_169' title='bbox 518 2839 613 2934; x_wconf 86' lang='lat' dir='ltr'>cogit.</span> <span class='ocrx_word' id='word_1_170' title='bbox 664 2833 737 2905; x_wconf 88' lang='lat' dir='ltr'>Poll</span> <span class='ocrx_word' id='word_1_171' title='bbox 749 2837 815 2905; x_wconf 85' lang='lat' dir='ltr'>haec</span> <span class='ocrx_word' id='word_1_172' title='bbox 828 2828 943 2906; x_wconf 78' lang='lat' dir='ltr'>insidiis</span> <span class='ocrx_word' id='word_1_173' title='bbox 958 2837 1016 2903; x_wconf 85' lang='lat' dir='ltr'>oit·</span> <span class='ocrx_word' id='word_1_174' title='bbox 1031 2831 1150 2916; x_wconf 57' lang='lat' dir='ltr'>rateto.</span> <span class='ocrx_word' id='word_1_175' title='bbox 1167 2827 1240 2950; x_wconf 49' lang='grc' dir='ltr'>(1))θῦ</span> 
     </span>
     <span class='ocr_line' id='line_1_27' title="bbox 109 2913 1238 3037; baseline 0.007 -34"><span class='ocrx_word' id='word_1_176' title='bbox 109 2953 307 3019; x_wconf 85' lang='lat' dir='ltr'>cumventns,</span> <span class='ocrx_word' id='word_1_177' title='bbox 319 2940 399 3005; x_wconf 86' lang='lat' dir='ltr'>intra</span> <span class='ocrx_word' id='word_1_178' title='bbox 412 2937 562 3008; x_wconf 88' lang='lat' dir='ltr'>Reticum</span> <span class='ocrx_word' id='word_1_179' title='bbox 577 2942 772 3037; x_wconf 81' lang='lat' dir='ltr'>emporium,</span> <span class='ocrx_word' id='word_1_180' title='bbox 781 2937 820 3009; x_wconf 80' lang='lat' dir='ltr'>ab</span> <span class='ocrx_word' id='word_1_181' title='bbox 834 2933 1017 3010; x_wconf 78' lang='lat' dir='ltr'>hominibus</span> <span class='ocrx_word' id='word_1_182' title='bbox 1031 2913 1238 3036; x_wconf 55' lang='lat' dir='ltr'>:litlfflnibsix</span> 
     </span>
     <span class='ocr_line' id='line_1_28' title="bbox 109 3033 1242 3158; baseline 0.001 -53"><span class='ocrx_word' id='word_1_183' title='bbox 109 3033 313 3123; x_wconf 84' lang='lat' dir='ltr'>Gothclredi,</span> <span class='ocrx_word' id='word_1_184' title='bbox 333 3034 377 3109; x_wconf 81' lang='lat' dir='ltr'>cll</span> <span class='ocrx_word' id='word_1_185' title='bbox 403 3036 611 3134; x_wconf 73' lang='lat' dir='ltr'>interfesiur,</span> <span class='ocrx_word' id='word_1_186' title='bbox 642 3045 692 3113; x_wconf 84' lang='lat' dir='ltr'>vir</span> <span class='ocrx_word' id='word_1_187' title='bbox 710 3039 780 3112; x_wconf 86' lang='lat' dir='ltr'>alias</span> <span class='ocrx_word' id='word_1_188' title='bbox 802 3033 963 3116; x_wconf 81' lang='lat' dir='ltr'>bellicosus</span> <span class='ocrx_word' id='word_1_189' title='bbox 983 3042 1017 3121; x_wconf 68' lang='lat'>6&lt;</span> <span class='ocrx_word' id='word_1_190' title='bbox 1034 3034 1187 3158; x_wconf 63' lang='lat' dir='ltr'>Gothtredt</span> <span class='ocrx_word' id='word_1_191' title='bbox 1201 3033 1242 3089; x_wconf 66' lang='lat'>1³·</span> 
     </span>
     <span class='ocr_line' id='line_1_29' title="bbox 110 3118 1168 3240; baseline 0.002 -33"><span class='ocrx_word' id='word_1_192' title='bbox 110 3145 241 3210; x_wconf 87' lang='lat' dir='ltr'>amicitia</span> <span class='ocrx_word' id='word_1_193' title='bbox 256 3165 292 3210; x_wconf 87' lang='lat' dir='ltr'>ac</span> <span class='ocrx_word' id='word_1_194' title='bbox 307 3134 370 3211; x_wconf 76' lang='lat' dir='ltr'>fide</span> <span class='ocrx_word' id='word_1_195' title='bbox 384 3165 456 3240; x_wconf 83' lang='lat' dir='ltr'>erga</span> <span class='ocrx_word' id='word_1_196' title='bbox 472 3145 701 3240; x_wconf 84' lang='lat' dir='ltr'>imperatorem</span> <span class='ocrx_word' id='word_1_197' title='bbox 715 3143 824 3218; x_wconf 87' lang='lat' dir='ltr'>clarus.</span> <span class='ocrx_word' id='word_1_198' title='bbox 900 3144 942 3214; x_wconf 78' lang='lat' dir='ltr'>At</span> <span class='ocrx_word' id='word_1_199' title='bbox 957 3140 1020 3208; x_wconf 86' lang='lat' dir='ltr'>Ca·</span> <span class='ocrx_word' id='word_1_200' title='bbox 1035 3120 1073 3164; x_wconf 47' lang='grc' dir='ltr'>ἐἴ</span> <span class='ocrx_word' id='word_1_201' title='bbox 1094 3118 1168 3159; x_wconf 54' lang='lat'>‘¹¹¹⁸&#39;</span> 
     </span>
     <span class='ocr_line' id='line_1_30' title="bbox 110 3235 1138 3340; baseline -0.003 -29"><span class='ocrx_word' id='word_1_202' title='bbox 110 3241 202 3326; x_wconf 81' lang='lat' dir='ltr'>tolus,</span> <span class='ocrx_word' id='word_1_203' title='bbox 217 3265 314 3340; x_wconf 88' lang='lat' dir='ltr'>quam</span> <span class='ocrx_word' id='word_1_204' title='bbox 330 3235 469 3315; x_wconf 79' lang='lat' dir='ltr'>citissime</span> <span class='ocrx_word' id='word_1_205' title='bbox 483 3241 565 3318; x_wconf 83' lang='lat' dir='ltr'>hisce</span> <span class='ocrx_word' id='word_1_206' title='bbox 578 3245 670 3326; x_wconf 76' lang='lat' dir='ltr'>rebus</span> <span class='ocrx_word' id='word_1_207' title='bbox 684 3237 915 3340; x_wconf 84' lang='lat' dir='ltr'>occurrendum</span> <span class='ocrx_word' id='word_1_208' title='bbox 928 3257 1029 3324; x_wconf 81' lang='lat' dir='ltr'>ratur,</span> <span class='ocrx_word' id='word_1_209' title='bbox 1136 3285 1138 3288; x_wconf 92' lang='lat'><em>-</em></span> 
     </span>
     <span class='ocr_line' id='line_1_31' title="bbox 112 3337 1023 3442; baseline 0.002 -30"><span class='ocrx_word' id='word_1_210' title='bbox 112 3341 269 3415; x_wconf 89' lang='lat' dir='ltr'>conslituit</span> <span class='ocrx_word' id='word_1_211' title='bbox 286 3361 372 3418; x_wconf 80' lang='lat' dir='ltr'>trans</span> <span class='ocrx_word' id='word_1_212' title='bbox 398 3343 504 3419; x_wconf 81' lang='lat' dir='ltr'>Albim</span> <span class='ocrx_word' id='word_1_213' title='bbox 529 3345 624 3421; x_wconf 72' lang='lat' dir='ltr'>dosia</span> <span class='ocrx_word' id='word_1_214' title='bbox 649 3345 796 3430; x_wconf 85' lang='lat' dir='ltr'>colonia,</span> <span class='ocrx_word' id='word_1_215' title='bbox 826 3337 1023 3442; x_wconf 81' lang='lat' dir='ltr'>ptaefidiatiar</span> 
     </span>
     <span class='ocr_line' id='line_1_32' title="bbox 112 3447 1023 3550; baseline 0 -35"><span class='ocrx_word' id='word_1_216' title='bbox 112 3447 307 3522; x_wconf 85' lang='lat' dir='ltr'>Francorum</span> <span class='ocrx_word' id='word_1_217' title='bbox 334 3449 481 3518; x_wconf 81' lang='lat' dir='ltr'>cohortes</span> <span class='ocrx_word' id='word_1_218' title='bbox 501 3448 667 3523; x_wconf 85' lang='lat' dir='ltr'>collocare.</span> <span class='ocrx_word' id='word_1_219' title='bbox 717 3451 920 3550; x_wconf 79' lang='lat' dir='ltr'>Qaproptcr</span> <span class='ocrx_word' id='word_1_220' title='bbox 945 3469 1023 3515; x_wconf 90' lang='lat' dir='ltr'>con·</span> 
     </span>
     <span class='ocr_line' id='line_1_33' title="bbox 113 3543 1022 3648; baseline 0.002 -32"><span class='ocrx_word' id='word_1_221' title='bbox 113 3543 226 3646; x_wconf 83' lang='lat' dir='ltr'>scriptis</span> <span class='ocrx_word' id='word_1_222' title='bbox 241 3566 335 3648; x_wconf 84' lang='lat' dir='ltr'>atque</span> <span class='ocrx_word' id='word_1_223' title='bbox 348 3549 464 3621; x_wconf 73' lang='lat' dir='ltr'>mattis</span> <span class='ocrx_word' id='word_1_224' title='bbox 475 3574 515 3622; x_wconf 80' lang='lat' dir='ltr'>ex</span> <span class='ocrx_word' id='word_1_225' title='bbox 528 3552 716 3634; x_wconf 85' lang='lat' dir='ltr'>Germania,</span> <span class='ocrx_word' id='word_1_226' title='bbox 740 3553 794 3647; x_wconf 90' lang='lat' dir='ltr'>qui</span> <span class='ocrx_word' id='word_1_227' title='bbox 817 3553 948 3621; x_wconf 87' lang='lat' dir='ltr'>uomina</span> <span class='ocrx_word' id='word_1_228' title='bbox 969 3543 1022 3618; x_wconf 88' lang='lat' dir='ltr'>sua</span> 
     </span>
     <span class='ocr_line' id='line_1_34' title="bbox 115 3647 1024 3752; baseline 0.001 -33"><span class='ocrx_word' id='word_1_229' title='bbox 115 3647 262 3723; x_wconf 87' lang='lat' dir='ltr'>dederant</span> <span class='ocrx_word' id='word_1_230' title='bbox 269 3649 444 3752; x_wconf 84' lang='lat' dir='ltr'>Egoberto,</span> <span class='ocrx_word' id='word_1_231' title='bbox 459 3657 593 3752; x_wconf 88' lang='lat' dir='ltr'>principi</span> <span class='ocrx_word' id='word_1_232' title='bbox 600 3651 842 3752; x_wconf 86' lang='lat' dir='ltr'>proceribusque</span> <span class='ocrx_word' id='word_1_233' title='bbox 849 3653 1024 3737; x_wconf 87' lang='lat' dir='ltr'>Saxonum,</span> 
     </span>
     <span class='ocr_line' id='line_1_35' title="bbox 115 3749 1157 3922; baseline -0.001 -99"><span class='ocrx_word' id='word_1_234' title='bbox 115 3749 302 3826; x_wconf 78' lang='lat' dir='ltr'>deducendae</span> <span class='ocrx_word' id='word_1_235' title='bbox 315 3751 447 3828; x_wconf 77' lang='lat' dir='ltr'>coloniae</span> <span class='ocrx_word' id='word_1_236' title='bbox 461 3753 666 3855; x_wconf 88' lang='lat' dir='ltr'>capiendique</span> <span class='ocrx_word' id='word_1_237' title='bbox 680 3749 738 3828; x_wconf 92' lang='lat' dir='ltr'>soli</span> <span class='ocrx_word' id='word_1_238' title='bbox 751 3753 936 3858; x_wconf 85' lang='lat' dir='ltr'>poteslatrm</span> <span class='ocrx_word' id='word_1_239' title='bbox 949 3778 1026 3922; x_wconf 77' lang='lat' dir='ltr'>cpp-</span> <span class='ocrx_word' id='word_1_240' title='bbox 1150 3751 1157 3761; x_wconf 87' lang='lat'><em>&#39;</em></span> 
     </span>
    </p>

    <p class='ocr_par' dir='ltr' id='par_1_3' title="bbox 160 3860 1029 3952">
     <span class='ocr_line' id='line_1_36' title="bbox 160 3860 1029 3952; baseline 0.001 -29"><span class='ocrx_word' id='word_1_241' title='bbox 160 3887 162 3894; x_wconf 60' lang='lat'><strong><em>⁴</em></strong></span> <span class='ocrx_word' id='word_1_242' title='bbox 574 3861 606 3930; x_wconf 96' lang='lat' dir='ltr'>D</span> <span class='ocrx_word' id='word_1_243' title='bbox 632 3887 653 3952; x_wconf 80' lang='lat'>4</span> <span class='ocrx_word' id='word_1_244' title='bbox 936 3881 971 3926; x_wconf 83' lang='lat' dir='ltr'>oe</span> <span class='ocrx_word' id='word_1_245' title='bbox 995 3860 1029 3924; x_wconf 91' lang='lat' dir='ltr'>it.</span> 
     </span>
    </p>
   </div>
   <div class='ocr_carea' id='block_1_3' title="bbox 1046 4000 1335 4064">
    <p class='ocr_par' dir='ltr' id='par_1_4' title="bbox 1046 4000 1335 4064">
     <span class='ocr_line' id='line_1_37' title="bbox 1046 4000 1335 4064; baseline 0.003 -47"><span class='ocrx_word' id='word_1_246' title='bbox 1046 4000 1335 4064; x_wconf 15' lang='lat' dir='ltr'>x...</span> 
     </span>
    </p>
   </div>
   <div class='ocr_carea' id='block_1_4' title="bbox 0 0 1380 4408">
    <p class='ocr_par' dir='ltr' id='par_1_5' title="bbox 0 0 1380 4408">
     <span class='ocr_line' id='line_1_38' title="bbox 0 0 1380 4408; baseline 0 0"><span class='ocrx_word' id='word_1_247' title='bbox 0 0 1380 4408; x_wconf 95' lang='lat' dir='ltr'> </span> 
     </span>
    </p>
   </div>
  </div>
 </body>
</html>
